<?xml version="1.0" encoding="UTF-8"?>
<!DOCTYPE html PUBLIC "-//W3C//DTD XHTML 1.0 Transitional//EN"
    "http://www.w3.org/TR/xhtml1/DTD/xhtml1-transitional.dtd">
<html xmlns="http://www.w3.org/1999/xhtml" xml:lang="en" lang="en">
 <head>
  <title>
</title>
<meta http-equiv="Content-Type" content="text/html;charset=utf-8" />
  <meta name='ocr-system' content='tesseract 3.04.00' />
  <meta name='ocr-capabilities' content='ocr_page ocr_carea ocr_par ocr_line ocrx_word'/>
</head>
<body>
  <div class='ocr_page' id='page_1' title='image "./summatheologica06thomuoft_0390.png"; bbox 0 0 2170 3808; ppageno 0'>
   <div class='ocr_carea' id='block_1_1' title="bbox 138 185 1273 238">
    <p class='ocr_par' dir='ltr' id='par_1_1' title="bbox 138 185 1273 238">
     <span class='ocr_line' id='line_1_1' title="bbox 138 185 1273 238; baseline -0.002 -8"><span class='ocrx_word' id='word_1_1' title='bbox 138 187 223 231; x_wconf 76' lang='lat'>354</span> <span class='ocrx_word' id='word_1_2' title='bbox 903 185 1104 238; x_wconf 84' lang='lat' dir='ltr'>QUAEST.</span> <span class='ocrx_word' id='word_1_3' title='bbox 1132 185 1273 229; x_wconf 87' lang='lat' dir='ltr'><strong>XLIII.</strong></span> 
     </span>
    </p>
   </div>
   <div class='ocr_carea' id='block_1_2' title="bbox 130 265 2047 1562">
    <p class='ocr_par' dir='ltr' id='par_1_2' title="bbox 130 265 2047 1562">
     <span class='ocr_line' id='line_1_2' title="bbox 138 265 2039 326; baseline 0.003 -15"><span class='ocrx_word' id='word_1_4' title='bbox 138 278 245 312; x_wconf 91' lang='lat' dir='ltr'>rum</span> <span class='ocrx_word' id='word_1_5' title='bbox 268 267 488 312; x_wconf 79' lang='lat' dir='ltr'>cordibus</span> <span class='ocrx_word' id='word_1_6' title='bbox 509 265 812 322; x_wconf 76' lang='lat' dir='ltr'><strong>imprimeret.</strong></span> <span class='ocrx_word' id='word_1_7' title='bbox 838 267 1026 321; x_wconf 84' lang='lat' dir='ltr'>Propter</span> <span class='ocrx_word' id='word_1_8' title='bbox 1047 265 1175 322; x_wconf 92' lang='lat' dir='ltr'>quod</span> <span class='ocrx_word' id='word_1_9' title='bbox 1195 265 1363 311; x_wconf 88' lang='lat' dir='ltr'>dicitur</span> <span class='ocrx_word' id='word_1_10' title='bbox 1383 269 1551 320; x_wconf 83' lang='lat' dir='ltr'>(Matth.</span> <span class='ocrx_word' id='word_1_11' title='bbox 1571 282 1653 323; x_wconf 79' lang='lat' dir='ltr'>vn,</span> <span class='ocrx_word' id='word_1_12' title='bbox 1673 271 1763 324; x_wconf 75' lang='lat'>29),</span> <span class='ocrx_word' id='word_1_13' title='bbox 1786 269 1912 326; x_wconf 80' lang='lat' dir='ltr'>quod</span> <span class='ocrx_word' id='word_1_14' title='bbox 1933 276 2039 317; x_wconf 75' lang='lat' dir='ltr'>erat</span> 
     </span>
     <span class='ocr_line' id='line_1_3' title="bbox 139 326 2037 388; baseline 0.002 -16"><span class='ocrx_word' id='word_1_15' title='bbox 139 328 304 372; x_wconf 83' lang='lat' dir='ltr'>docens</span> <span class='ocrx_word' id='word_1_16' title='bbox 321 341 410 382; x_wconf 73' lang='lat'>603,</span> <span class='ocrx_word' id='word_1_17' title='bbox 434 329 550 371; x_wconf 77' lang='lat' dir='ltr'>sicut</span> <span class='ocrx_word' id='word_1_18' title='bbox 576 329 844 383; x_wconf 80' lang='lat' dir='ltr'>potestatem</span> <span class='ocrx_word' id='word_1_19' title='bbox 866 327 1051 372; x_wconf 77' lang='lat' dir='ltr'>habens,</span> <span class='ocrx_word' id='word_1_20' title='bbox 1074 326 1202 372; x_wconf 87' lang='lat' dir='ltr'>Unde</span> <span class='ocrx_word' id='word_1_21' title='bbox 1224 327 1363 372; x_wconf 88' lang='lat' dir='ltr'>etiam</span> <span class='ocrx_word' id='word_1_22' title='bbox 1381 330 1507 386; x_wconf 90' lang='lat' dir='ltr'>apud</span> <span class='ocrx_word' id='word_1_23' title='bbox 1531 330 1731 386; x_wconf 78' lang='lat' dir='ltr'>gentiles</span> <span class='ocrx_word' id='word_1_24' title='bbox 1753 331 2037 388; x_wconf 85' lang='lat' dir='ltr'>Pythagoras</span> 
     </span>
     <span class='ocr_line' id='line_1_4' title="bbox 137 387 2047 448; baseline 0 -13"><span class='ocrx_word' id='word_1_25' title='bbox 137 393 186 436; x_wconf 90' lang='lat' dir='ltr'>et</span> <span class='ocrx_word' id='word_1_26' title='bbox 208 392 435 441; x_wconf 77' lang='lat' dir='ltr'>SocrateS‚</span> <span class='ocrx_word' id='word_1_27' title='bbox 450 387 532 445; x_wconf 90' lang='lat' dir='ltr'>qui</span> <span class='ocrx_word' id='word_1_28' title='bbox 550 387 743 433; x_wconf 86' lang='lat' dir='ltr'>fuerunt</span> <span class='ocrx_word' id='word_1_29' title='bbox 759 388 1138 434; x_wconf 82' lang='lat' dir='ltr'>excellentissimi</span> <span class='ocrx_word' id='word_1_30' title='bbox 1158 388 1388 448; x_wconf 81' lang='lat' dir='ltr'>doctoreS,</span> <span class='ocrx_word' id='word_1_31' title='bbox 1405 390 1522 435; x_wconf 88' lang='lat' dir='ltr'>nihil</span> <span class='ocrx_word' id='word_1_32' title='bbox 1543 391 1748 436; x_wconf 88' lang='lat' dir='ltr'>scribere</span> <span class='ocrx_word' id='word_1_33' title='bbox 1768 391 2047 440; x_wconf 55' lang='lat' dir='ltr'>voluerunt„</span> 
     </span>
     <span class='ocr_line' id='line_1_5' title="bbox 138 445 2039 509; baseline 0.001 -12"><span class='ocrx_word' id='word_1_34' title='bbox 138 451 373 509; x_wconf 82' lang='lat' dir='ltr'>Scriptura</span> <span class='ocrx_word' id='word_1_35' title='bbox 397 451 523 495; x_wconf 91' lang='lat' dir='ltr'>enim</span> <span class='ocrx_word' id='word_1_36' title='bbox 553 450 793 495; x_wconf 81' lang='lat' dir='ltr'>ordinatur</span> <span class='ocrx_word' id='word_1_37' title='bbox 817 451 878 496; x_wconf 88' lang='lat' dir='ltr'>ad</span> <span class='ocrx_word' id='word_1_38' title='bbox 902 445 1258 507; x_wconf 72' lang='lat' dir='ltr'>impressionem</span> <span class='ocrx_word' id='word_1_39' title='bbox 1289 451 1512 507; x_wconf 89' lang='lat' dir='ltr'>doctrinae</span> <span class='ocrx_word' id='word_1_40' title='bbox 1532 453 1582 497; x_wconf 93' lang='lat' dir='ltr'>in</span> <span class='ocrx_word' id='word_1_41' title='bbox 1610 452 1829 499; x_wconf 80' lang='lat' dir='ltr'>cordibus</span> <span class='ocrx_word' id='word_1_42' title='bbox 1852 454 2039 499; x_wconf 91' lang='lat' dir='ltr'>audito-</span> 
     </span>
     <span class='ocr_line' id='line_1_6' title="bbox 135 512 2038 573; baseline 0.001 -14"><span class='ocrx_word' id='word_1_43' title='bbox 135 525 259 569; x_wconf 85' lang='lat' dir='ltr'>rum,</span> <span class='ocrx_word' id='word_1_44' title='bbox 279 513 401 558; x_wconf 89' lang='lat' dir='ltr'>sicut</span> <span class='ocrx_word' id='word_1_45' title='bbox 419 513 479 558; x_wconf 90' lang='lat' dir='ltr'>ad</span> <span class='ocrx_word' id='word_1_46' title='bbox 499 512 662 558; x_wconf 86' lang='lat' dir='ltr'>finem.</span> <span class='ocrx_word' id='word_1_47' title='bbox 681 512 909 568; x_wconf 68' lang='lat' dir='ltr'>Secunde,</span> <span class='ocrx_word' id='word_1_48' title='bbox 930 517 1120 569; x_wconf 90' lang='lat' dir='ltr'>propter</span> <span class='ocrx_word' id='word_1_49' title='bbox 1135 512 1460 558; x_wconf 83' lang='lat' dir='ltr'>excellentiam</span> <span class='ocrx_word' id='word_1_50' title='bbox 1476 515 1699 561; x_wconf 80' lang='lat' dir='ltr'>doctrinae</span> <span class='ocrx_word' id='word_1_51' title='bbox 1720 515 1908 573; x_wconf 84' lang='lat' dir='ltr'>Christi,</span> <span class='ocrx_word' id='word_1_52' title='bbox 1931 527 2038 573; x_wconf 84' lang='lat' dir='ltr'>quae</span> 
     </span>
     <span class='ocr_line' id='line_1_7' title="bbox 134 574 2038 634; baseline 0.001 -14"><span class='ocrx_word' id='word_1_53' title='bbox 134 574 300 620; x_wconf 89' lang='lat' dir='ltr'>litteris</span> <span class='ocrx_word' id='word_1_54' title='bbox 318 574 650 631; x_wconf 87' lang='lat' dir='ltr'>comprehendi</span> <span class='ocrx_word' id='word_1_55' title='bbox 666 587 762 619; x_wconf 90' lang='lat' dir='ltr'>non</span> <span class='ocrx_word' id='word_1_56' title='bbox 775 578 944 634; x_wconf 88' lang='lat' dir='ltr'>potest,</span> <span class='ocrx_word' id='word_1_57' title='bbox 965 574 1224 620; x_wconf 81' lang='lat' dir='ltr'>secundum</span> <span class='ocrx_word' id='word_1_58' title='bbox 1240 575 1356 620; x_wconf 87' lang='lat' dir='ltr'>illud</span> <span class='ocrx_word' id='word_1_59' title='bbox 1374 577 1516 630; x_wconf 84' lang='lat' dir='ltr'>(Joan.</span> <span class='ocrx_word' id='word_1_60' title='bbox 1528 577 1616 622; x_wconf 90' lang='lat' dir='ltr'>ult.</span> <span class='ocrx_word' id='word_1_61' title='bbox 1631 579 1703 632; x_wconf 75' lang='lat'>25)</span> <span class='ocrx_word' id='word_1_62' title='bbox 1722 579 1862 621; x_wconf 81' lang='lat' dir='ltr'>:Sunt</span> <span class='ocrx_word' id='word_1_63' title='bbox 1877 581 1923 621; x_wconf 81' lang='lat' dir='ltr'>et</span> <span class='ocrx_word' id='word_1_64' title='bbox 1941 578 2038 622; x_wconf 83' lang='lat' dir='ltr'>alia</span> 
     </span>
     <span class='ocr_line' id='line_1_8' title="bbox 136 636 2039 696; baseline 0.002 -16"><span class='ocrx_word' id='word_1_65' title='bbox 136 636 300 695; x_wconf 77' lang='lat' dir='ltr'>multa,</span> <span class='ocrx_word' id='word_1_66' title='bbox 323 648 419 692; x_wconf 82' lang='lat' dir='ltr'>quae</span> <span class='ocrx_word' id='word_1_67' title='bbox 441 638 553 691; x_wconf 76' lang='lat' dir='ltr'>fecit</span> <span class='ocrx_word' id='word_1_68' title='bbox 578 640 724 694; x_wconf 79' lang='lat' dir='ltr'>Iesus,</span> <span class='ocrx_word' id='word_1_69' title='bbox 747 649 845 693; x_wconf 82' lang='lat' dir='ltr'>quae</span> <span class='ocrx_word' id='word_1_70' title='bbox 865 640 906 680; x_wconf 81' lang='lat' dir='ltr'>si</span> <span class='ocrx_word' id='word_1_71' title='bbox 934 636 1195 680; x_wconf 73' lang='lat' dir='ltr'>scribantur</span> <span class='ocrx_word' id='word_1_72' title='bbox 1218 650 1303 694; x_wconf 85' lang='lat' dir='ltr'>per</span> <span class='ocrx_word' id='word_1_73' title='bbox 1323 638 1521 695; x_wconf 77' lang='lat' dir='ltr'>sinqula,</span> <span class='ocrx_word' id='word_1_74' title='bbox 1550 652 1633 683; x_wconf 78' lang='lat' dir='ltr'>nec</span> <span class='ocrx_word' id='word_1_75' title='bbox 1662 641 1812 696; x_wconf 78' lang='lat' dir='ltr'>ipsum</span> <span class='ocrx_word' id='word_1_76' title='bbox 1834 638 2039 683; x_wconf 77' lang='lat' dir='ltr'>arbitror</span> 
     </span>
     <span class='ocr_line' id='line_1_9' title="bbox 130 698 2039 758; baseline 0.003 -17"><span class='ocrx_word' id='word_1_77' title='bbox 130 699 357 742; x_wconf 78' lang='lat' dir='ltr'>mundum</span> <span class='ocrx_word' id='word_1_78' title='bbox 374 712 537 756; x_wconf 86' lang='lat' dir='ltr'>capere</span> <span class='ocrx_word' id='word_1_79' title='bbox 550 711 683 756; x_wconf 80' lang='lat' dir='ltr'>posse</span> <span class='ocrx_word' id='word_1_80' title='bbox 701 711 791 756; x_wconf 80' lang='lat' dir='ltr'>eos,</span> <span class='ocrx_word' id='word_1_81' title='bbox 808 700 886 755; x_wconf 73' lang='lat' dir='ltr'>qui</span> <span class='ocrx_word' id='word_1_82' title='bbox 908 698 1136 743; x_wconf 79' lang='lat' dir='ltr'>scribendi</span> <span class='ocrx_word' id='word_1_83' title='bbox 1153 703 1273 756; x_wconf 80' lang='lat' dir='ltr'>sunt,</span> <span class='ocrx_word' id='word_1_84' title='bbox 1289 699 1427 743; x_wconf 78' lang='lat' dir='ltr'>libros</span> <span class='ocrx_word' id='word_1_85' title='bbox 1439 715 1454 741; x_wconf 87' lang='grc'>.-</span> <span class='ocrx_word' id='word_1_86' title='bbox 1466 712 1601 758; x_wconf 83' lang='lat' dir='ltr'>quOS,</span> <span class='ocrx_word' id='word_1_87' title='bbox 1620 700 1742 746; x_wconf 92' lang='lat' dir='ltr'>sicut</span> <span class='ocrx_word' id='word_1_88' title='bbox 1751 699 2039 757; x_wconf 82' lang='lat' dir='ltr'>Augustinus</span> 
     </span>
     <span class='ocr_line' id='line_1_10' title="bbox 136 759 2038 818; baseline 0.002 -12"><span class='ocrx_word' id='word_1_89' title='bbox 136 759 250 806; x_wconf 90' lang='lat' dir='ltr'>dicit</span> <span class='ocrx_word' id='word_1_90' title='bbox 278 761 429 814; x_wconf 88' lang='lat' dir='ltr'>(tract.</span> <span class='ocrx_word' id='word_1_91' title='bbox 459 760 547 806; x_wconf 90' lang='lat' dir='ltr'>ult.</span> <span class='ocrx_word' id='word_1_92' title='bbox 575 761 626 805; x_wconf 88' lang='lat' dir='ltr'>in</span> <span class='ocrx_word' id='word_1_93' title='bbox 646 762 799 818; x_wconf 63' lang='lat' dir='ltr'>Joan„</span> <span class='ocrx_word' id='word_1_94' title='bbox 823 760 884 805; x_wconf 91' lang='lat' dir='ltr'>ad</span> <span class='ocrx_word' id='word_1_95' title='bbox 910 760 1031 817; x_wconf 90' lang='lat' dir='ltr'>fin.),</span> <span class='ocrx_word' id='word_1_96' title='bbox 1058 777 1080 800; x_wconf 88' lang='lat'>«</span> <span class='ocrx_word' id='word_1_97' title='bbox 1110 773 1207 806; x_wconf 92' lang='lat' dir='ltr'>non</span> <span class='ocrx_word' id='word_1_98' title='bbox 1235 760 1387 818; x_wconf 86' lang='lat' dir='ltr'>spatio</span> <span class='ocrx_word' id='word_1_99' title='bbox 1413 761 1623 807; x_wconf 88' lang='lat' dir='ltr'>locorum</span> <span class='ocrx_word' id='word_1_100' title='bbox 1652 762 1939 808; x_wconf 91' lang='lat' dir='ltr'>credendum</span> <span class='ocrx_word' id='word_1_101' title='bbox 1966 767 2038 809; x_wconf 89' lang='lat' dir='ltr'>est</span> 
     </span>
     <span class='ocr_line' id='line_1_11' title="bbox 134 821 2038 881; baseline 0.001 -15"><span class='ocrx_word' id='word_1_102' title='bbox 134 821 368 867; x_wconf 90' lang='lat' dir='ltr'>mundum</span> <span class='ocrx_word' id='word_1_103' title='bbox 396 834 563 878; x_wconf 83' lang='lat' dir='ltr'>capere</span> <span class='ocrx_word' id='word_1_104' title='bbox 596 834 692 866; x_wconf 92' lang='lat' dir='ltr'>non</span> <span class='ocrx_word' id='word_1_105' title='bbox 721 834 876 879; x_wconf 84' lang='lat' dir='ltr'>posse,</span> <span class='ocrx_word' id='word_1_106' title='bbox 906 822 991 867; x_wconf 92' lang='lat' dir='ltr'>sed</span> <span class='ocrx_word' id='word_1_107' title='bbox 1019 822 1275 879; x_wconf 83' lang='lat' dir='ltr'>capacitate</span> <span class='ocrx_word' id='word_1_108' title='bbox 1302 822 1559 879; x_wconf 87' lang='lat' dir='ltr'>legentium</span> <span class='ocrx_word' id='word_1_109' title='bbox 1587 822 1915 881; x_wconf 88' lang='lat' dir='ltr'>comprehendi</span> <span class='ocrx_word' id='word_1_110' title='bbox 1938 823 2038 867; x_wconf 85' lang='lat' dir='ltr'>for-</span> 
     </span>
     <span class='ocr_line' id='line_1_12' title="bbox 136 883 2036 942; baseline 0.001 -14"><span class='ocrx_word' id='word_1_111' title='bbox 136 887 262 929; x_wconf 90' lang='lat' dir='ltr'>tasse</span> <span class='ocrx_word' id='word_1_112' title='bbox 282 896 378 928; x_wconf 90' lang='lat' dir='ltr'>non</span> <span class='ocrx_word' id='word_1_113' title='bbox 405 896 559 941; x_wconf 89' lang='lat' dir='ltr'>posse.</span> <span class='ocrx_word' id='word_1_114' title='bbox 581 902 602 922; x_wconf 72' lang='grc' dir='ltr'>ι»</span> <span class='ocrx_word' id='word_1_115' title='bbox 628 883 672 928; x_wconf 93' lang='lat' dir='ltr'>Si</span> <span class='ocrx_word' id='word_1_116' title='bbox 698 888 857 929; x_wconf 89' lang='lat' dir='ltr'>autem</span> <span class='ocrx_word' id='word_1_117' title='bbox 880 883 1088 930; x_wconf 88' lang='lat' dir='ltr'>Christus</span> <span class='ocrx_word' id='word_1_118' title='bbox 1111 884 1284 941; x_wconf 89' lang='lat' dir='ltr'>scripto</span> <span class='ocrx_word' id='word_1_119' title='bbox 1307 885 1566 930; x_wconf 85' lang='lat' dir='ltr'>doctrinam</span> <span class='ocrx_word' id='word_1_120' title='bbox 1588 898 1723 931; x_wconf 91' lang='lat' dir='ltr'>suam</span> <span class='ocrx_word' id='word_1_121' title='bbox 1751 885 2036 942; x_wconf 87' lang='lat' dir='ltr'>mandasset,</span> 
     </span>
     <span class='ocr_line' id='line_1_13' title="bbox 135 944 2040 1004; baseline 0.002 -15"><span class='ocrx_word' id='word_1_122' title='bbox 135 944 253 990; x_wconf 89' lang='lat' dir='ltr'>nihil</span> <span class='ocrx_word' id='word_1_123' title='bbox 285 945 411 990; x_wconf 90' lang='lat' dir='ltr'>aliud</span> <span class='ocrx_word' id='word_1_124' title='bbox 444 945 502 990; x_wconf 90' lang='lat' dir='ltr'>de</span> <span class='ocrx_word' id='word_1_125' title='bbox 539 944 642 1002; x_wconf 85' lang='lat' dir='ltr'>ejus</span> <span class='ocrx_word' id='word_1_126' title='bbox 677 945 887 997; x_wconf 89' lang='lat' dir='ltr'>doctrina</span> <span class='ocrx_word' id='word_1_127' title='bbox 917 945 1132 991; x_wconf 89' lang='lat' dir='ltr'>homines</span> <span class='ocrx_word' id='word_1_128' title='bbox 1165 945 1450 991; x_wconf 77' lang='lat' dir='ltr'>aestimarent</span> <span class='ocrx_word' id='word_1_129' title='bbox 1481 946 1623 1004; x_wconf 78' lang='lat' dir='ltr'>quam</span> <span class='ocrx_word' id='word_1_130' title='bbox 1655 947 1783 1004; x_wconf 91' lang='lat' dir='ltr'>quod</span> <span class='ocrx_word' id='word_1_131' title='bbox 1809 946 2040 1004; x_wconf 86' lang='lat' dir='ltr'>scriptura</span> 
     </span>
     <span class='ocr_line' id='line_1_14' title="bbox 136 1006 2036 1066; baseline 0.001 -15"><span class='ocrx_word' id='word_1_132' title='bbox 136 1006 410 1051; x_wconf 89' lang='lat' dir='ltr'>contineret.</span> <span class='ocrx_word' id='word_1_133' title='bbox 421 1006 584 1064; x_wconf 78' lang='lat' dir='ltr'>Tertio,</span> <span class='ocrx_word' id='word_1_134' title='bbox 601 1011 654 1052; x_wconf 92' lang='lat' dir='ltr'>ut</span> <span class='ocrx_word' id='word_1_135' title='bbox 668 1007 831 1052; x_wconf 87' lang='lat' dir='ltr'>ordine</span> <span class='ocrx_word' id='word_1_136' title='bbox 847 1007 1051 1065; x_wconf 90' lang='lat' dir='ltr'>quodam</span> <span class='ocrx_word' id='word_1_137' title='bbox 1066 1007 1125 1052; x_wconf 90' lang='lat' dir='ltr'>ab</span> <span class='ocrx_word' id='word_1_138' title='bbox 1143 1007 1246 1063; x_wconf 90' lang='lat' dir='ltr'>ipso</span> <span class='ocrx_word' id='word_1_139' title='bbox 1265 1007 1476 1052; x_wconf 88' lang='lat' dir='ltr'>doctrina</span> <span class='ocrx_word' id='word_1_140' title='bbox 1491 1008 1551 1054; x_wconf 87' lang='lat' dir='ltr'>ad</span> <span class='ocrx_word' id='word_1_141' title='bbox 1569 1020 1734 1054; x_wconf 90' lang='lat' dir='ltr'>omnes</span> <span class='ocrx_word' id='word_1_142' title='bbox 1750 1007 2036 1066; x_wconf 81' lang='lat' dir='ltr'>perveniret3</span> 
     </span>
     <span class='ocr_line' id='line_1_15' title="bbox 137 1068 2042 1128; baseline 0.001 -15"><span class='ocrx_word' id='word_1_143' title='bbox 137 1068 251 1113; x_wconf 76' lang='lat' dir='ltr'>dum</span> <span class='ocrx_word' id='word_1_144' title='bbox 268 1068 368 1126; x_wconf 89' lang='lat' dir='ltr'>ipse</span> <span class='ocrx_word' id='word_1_145' title='bbox 385 1068 561 1114; x_wconf 89' lang='lat' dir='ltr'>scilicet</span> <span class='ocrx_word' id='word_1_146' title='bbox 579 1069 832 1126; x_wconf 63' lang='lat' dir='ltr'>discipulos</span> <span class='ocrx_word' id='word_1_147' title='bbox 859 1082 972 1115; x_wconf 90' lang='lat' dir='ltr'>suos</span> <span class='ocrx_word' id='word_1_148' title='bbox 1000 1070 1267 1115; x_wconf 80' lang='lat' dir='ltr'>immediate</span> <span class='ocrx_word' id='word_1_149' title='bbox 1293 1070 1466 1126; x_wconf 89' lang='lat' dir='ltr'>docuit,</span> <span class='ocrx_word' id='word_1_150' title='bbox 1488 1069 1893 1128; x_wconf 72' lang='lat' dir='ltr'>qui‘postmodiim</span> <span class='ocrx_word' id='word_1_151' title='bbox 1923 1068 2042 1115; x_wconf 88' lang='lat' dir='ltr'>alios</span> 
     </span>
     <span class='ocr_line' id='line_1_16' title="bbox 135 1130 2040 1190; baseline 0.002 -16"><span class='ocrx_word' id='word_1_152' title='bbox 135 1130 279 1175; x_wconf 86' lang='lat' dir='ltr'>verbo</span> <span class='ocrx_word' id='word_1_153' title='bbox 306 1137 353 1175; x_wconf 93' lang='lat' dir='ltr'>et</span> <span class='ocrx_word' id='word_1_154' title='bbox 379 1131 553 1188; x_wconf 89' lang='lat' dir='ltr'>scripto</span> <span class='ocrx_word' id='word_1_155' title='bbox 581 1131 858 1177; x_wconf 88' lang='lat' dir='ltr'>docuerunt.</span> <span class='ocrx_word' id='word_1_156' title='bbox 888 1133 932 1177; x_wconf 91' lang='lat' dir='ltr'>Si</span> <span class='ocrx_word' id='word_1_157' title='bbox 968 1136 1126 1177; x_wconf 89' lang='lat' dir='ltr'>autem</span> <span class='ocrx_word' id='word_1_158' title='bbox 1154 1132 1354 1189; x_wconf 87' lang='lat' dir='ltr'>ipsemet</span> <span class='ocrx_word' id='word_1_159' title='bbox 1380 1132 1668 1190; x_wconf 74' lang='lat' dir='ltr'>scripsisset,</span> <span class='ocrx_word' id='word_1_160' title='bbox 1698 1132 1803 1190; x_wconf 80' lang='lat' dir='ltr'>ers</span> <span class='ocrx_word' id='word_1_161' title='bbox 1827 1132 2040 1178; x_wconf 89' lang='lat' dir='ltr'>doctrina</span> 
     </span>
     <span class='ocr_line' id='line_1_17' title="bbox 136 1192 2037 1252; baseline 0.002 -16"><span class='ocrx_word' id='word_1_162' title='bbox 136 1192 403 1239; x_wconf 79' lang='lat' dir='ltr'>immediate</span> <span class='ocrx_word' id='word_1_163' title='bbox 430 1195 490 1239; x_wconf 87' lang='lat' dir='ltr'>ad</span> <span class='ocrx_word' id='word_1_164' title='bbox 519 1206 684 1239; x_wconf 90' lang='lat' dir='ltr'>omnes</span> <span class='ocrx_word' id='word_1_165' title='bbox 708 1194 1014 1252; x_wconf 87' lang='lat' dir='ltr'>pervenisset.</span> <span class='ocrx_word' id='word_1_166' title='bbox 1039 1194 1166 1240; x_wconf 90' lang='lat' dir='ltr'>Unde</span> <span class='ocrx_word' id='word_1_167' title='bbox 1196 1199 1243 1240; x_wconf 93' lang='lat' dir='ltr'>et</span> <span class='ocrx_word' id='word_1_168' title='bbox 1273 1195 1331 1240; x_wconf 91' lang='lat' dir='ltr'>de</span> <span class='ocrx_word' id='word_1_169' title='bbox 1362 1195 1592 1252; x_wconf 87' lang='lat' dir='ltr'>sapientia</span> <span class='ocrx_word' id='word_1_170' title='bbox 1618 1196 1697 1240; x_wconf 93' lang='lat' dir='ltr'>Dei</span> <span class='ocrx_word' id='word_1_171' title='bbox 1723 1195 1891 1240; x_wconf 90' lang='lat' dir='ltr'>dicitur</span> <span class='ocrx_word' id='word_1_172' title='bbox 1914 1197 2037 1248; x_wconf 87' lang='lat' dir='ltr'>(Pro-</span> 
     </span>
     <span class='ocr_line' id='line_1_18' title="bbox 136 1256 2038 1313; baseline 0.001 -13"><span class='ocrx_word' id='word_1_173' title='bbox 136 1256 267 1300; x_wconf 85' lang='lat' dir='ltr'>verb.</span> <span class='ocrx_word' id='word_1_174' title='bbox 290 1270 349 1312; x_wconf 75' lang='lat' dir='ltr'>ix,</span> <span class='ocrx_word' id='word_1_175' title='bbox 369 1258 411 1312; x_wconf 88' lang='lat'>3)</span> <span class='ocrx_word' id='word_1_176' title='bbox 438 1256 564 1313; x_wconf 76' lang='lat' dir='ltr'>qudd</span> <span class='ocrx_word' id='word_1_177' title='bbox 585 1259 708 1300; x_wconf 78' lang='lat' dir='ltr'>misit</span> <span class='ocrx_word' id='word_1_178' title='bbox 728 1258 930 1301; x_wconf 78' lang='lat' dir='ltr'>ancillas</span> <span class='ocrx_word' id='word_1_179' title='bbox 950 1271 1058 1301; x_wconf 78' lang='lat' dir='ltr'>suas</span> <span class='ocrx_word' id='word_1_180' title='bbox 1076 1271 1237 1301; x_wconf 85' lang='lat' dir='ltr'>vocare</span> <span class='ocrx_word' id='word_1_181' title='bbox 1261 1258 1327 1302; x_wconf 84' lang='lat' dir='ltr'>ad</span> <span class='ocrx_word' id='word_1_182' title='bbox 1343 1271 1514 1302; x_wconf 84' lang='lat' dir='ltr'>arcem.</span> <span class='ocrx_word' id='word_1_183' title='bbox 1531 1282 1588 1290; x_wconf 91' lang='lat'>——-</span> <span class='ocrx_word' id='word_1_184' title='bbox 1609 1258 1857 1303; x_wconf 83' lang='lat' dir='ltr'>Sciendum</span> <span class='ocrx_word' id='word_1_185' title='bbox 1881 1261 2038 1302; x_wconf 86' lang='lat' dir='ltr'>tamen</span> 
     </span>
     <span class='ocr_line' id='line_1_19' title="bbox 137 1316 2039 1377; baseline 0.002 -16"><span class='ocrx_word' id='word_1_186' title='bbox 137 1321 226 1371; x_wconf 81' lang='lat' dir='ltr'>est,</span> <span class='ocrx_word' id='word_1_187' title='bbox 245 1316 367 1363; x_wconf 91' lang='lat' dir='ltr'>sicut</span> <span class='ocrx_word' id='word_1_188' title='bbox 384 1317 673 1374; x_wconf 76' lang='lat' dir='ltr'>Augustinus</span> <span class='ocrx_word' id='word_1_189' title='bbox 692 1318 804 1363; x_wconf 89' lang='lat' dir='ltr'>dicit</span> <span class='ocrx_word' id='word_1_190' title='bbox 819 1321 1154 1373; x_wconf 37' lang='lat' dir='ltr'>(De‘consensu</span> <span class='ocrx_word' id='word_1_191' title='bbox 1168 1321 1343 1377; x_wconf 88' lang='lat' dir='ltr'>Evang.</span> <span class='ocrx_word' id='word_1_192' title='bbox 1371 1319 1452 1364; x_wconf 88' lang='lat' dir='ltr'>lib.</span> <span class='ocrx_word' id='word_1_193' title='bbox 1470 1334 1501 1375; x_wconf 83' lang='lat'>1,</span> <span class='ocrx_word' id='word_1_194' title='bbox 1521 1332 1623 1376; x_wconf 88' lang='lat' dir='ltr'>cap.</span> <span class='ocrx_word' id='word_1_195' title='bbox 1646 1323 1672 1365; x_wconf 85' lang='lat'>9</span> <span class='ocrx_word' id='word_1_196' title='bbox 1691 1324 1738 1365; x_wconf 92' lang='lat' dir='ltr'>et</span> <span class='ocrx_word' id='word_1_197' title='bbox 1755 1323 1840 1374; x_wconf 82' lang='lat'>10),</span> <span class='ocrx_word' id='word_1_198' title='bbox 1858 1320 2039 1377; x_wconf 87' lang='lat' dir='ltr'>aliquos</span> 
     </span>
     <span class='ocr_line' id='line_1_20' title="bbox 136 1379 2040 1439; baseline 0.001 -15"><span class='ocrx_word' id='word_1_199' title='bbox 136 1379 335 1435; x_wconf 88' lang='lat' dir='ltr'>gentiles</span> <span class='ocrx_word' id='word_1_200' title='bbox 352 1379 661 1434; x_wconf 73' lang='lat' dir='ltr'>existimasse,</span> <span class='ocrx_word' id='word_1_201' title='bbox 678 1380 908 1425; x_wconf 84' lang='lat' dir='ltr'>Christum</span> <span class='ocrx_word' id='word_1_202' title='bbox 928 1381 1157 1439; x_wconf 89' lang='lat' dir='ltr'>quosdam</span> <span class='ocrx_word' id='word_1_203' title='bbox 1176 1381 1319 1426; x_wconf 87' lang='lat' dir='ltr'>libros</span> <span class='ocrx_word' id='word_1_204' title='bbox 1339 1382 1582 1438; x_wconf 87' lang='lat' dir='ltr'>scripsisse</span> <span class='ocrx_word' id='word_1_205' title='bbox 1601 1381 1893 1426; x_wconf 86' lang='lat' dir='ltr'>continentes</span> <span class='ocrx_word' id='word_1_206' title='bbox 1913 1394 2040 1438; x_wconf 85' lang='lat' dir='ltr'>quae—</span> 
     </span>
     <span class='ocr_line' id='line_1_21' title="bbox 138 1441 2040 1502; baseline 0.001 -16"><span class='ocrx_word' id='word_1_207' title='bbox 138 1441 246 1487; x_wconf 89' lang='lat' dir='ltr'>dam</span> <span class='ocrx_word' id='word_1_208' title='bbox 275 1443 481 1498; x_wconf 88' lang='lat' dir='ltr'>magica,</span> <span class='ocrx_word' id='word_1_209' title='bbox 514 1442 687 1499; x_wconf 90' lang='lat' dir='ltr'>quibus</span> <span class='ocrx_word' id='word_1_210' title='bbox 719 1443 946 1488; x_wconf 89' lang='lat' dir='ltr'>miracula</span> <span class='ocrx_word' id='word_1_211' title='bbox 973 1443 1200 1502; x_wconf 75' lang='lat' dir='ltr'>faciebat,</span> <span class='ocrx_word' id='word_1_212' title='bbox 1233 1456 1338 1501; x_wconf 85' lang='lat' dir='ltr'>quae</span> <span class='ocrx_word' id='word_1_213' title='bbox 1366 1443 1612 1500; x_wconf 83' lang='lat' dir='ltr'>disciplina</span> <span class='ocrx_word' id='word_1_214' title='bbox 1643 1443 1896 1489; x_wconf 88' lang='lat' dir='ltr'>christiana</span> <span class='ocrx_word' id='word_1_215' title='bbox 1923 1456 2040 1488; x_wconf 87' lang='lat' dir='ltr'>con-</span> 
     </span>
     <span class='ocr_line' id='line_1_22' title="bbox 138 1503 2040 1562; baseline 0.001 -13"><span class='ocrx_word' id='word_1_216' title='bbox 138 1503 342 1549; x_wconf 86' lang='lat' dir='ltr'>demnat.</span> <span class='ocrx_word' id='word_1_217' title='bbox 369 1522 389 1542; x_wconf 88' lang='lat'>«</span> <span class='ocrx_word' id='word_1_218' title='bbox 413 1507 466 1548; x_wconf 90' lang='lat' dir='ltr'>Et</span> <span class='ocrx_word' id='word_1_219' title='bbox 487 1503 553 1547; x_wconf 91' lang='lat' dir='ltr'>illi</span> <span class='ocrx_word' id='word_1_220' title='bbox 582 1508 739 1548; x_wconf 84' lang='lat' dir='ltr'>tamen</span> <span class='ocrx_word' id='word_1_221' title='bbox 759 1504 840 1560; x_wconf 92' lang='lat' dir='ltr'>qui</span> <span class='ocrx_word' id='word_1_222' title='bbox 864 1505 1028 1549; x_wconf 87' lang='lat' dir='ltr'>Christi</span> <span class='ocrx_word' id='word_1_223' title='bbox 1050 1505 1196 1550; x_wconf 87' lang='lat' dir='ltr'>libros</span> <span class='ocrx_word' id='word_1_224' title='bbox 1221 1506 1338 1551; x_wconf 87' lang='lat' dir='ltr'>tales</span> <span class='ocrx_word' id='word_1_225' title='bbox 1363 1517 1415 1550; x_wconf 88' lang='lat' dir='ltr'>se</span> <span class='ocrx_word' id='word_1_226' title='bbox 1436 1505 1609 1562; x_wconf 88' lang='lat' dir='ltr'>legisse</span> <span class='ocrx_word' id='word_1_227' title='bbox 1630 1505 1891 1561; x_wconf 81' lang='lat' dir='ltr'>affirmant,</span> <span class='ocrx_word' id='word_1_228' title='bbox 1911 1505 2040 1550; x_wconf 88' lang='lat' dir='ltr'>nulla</span> 
     </span>
    </p>
   </div>
   <div class='ocr_carea' id='block_1_3' title="bbox 59 1565 2040 1624">
    <p class='ocr_par' dir='ltr' id='par_1_3' title="bbox 59 1565 2040 1624">
     <span class='ocr_line' id='line_1_23' title="bbox 59 1565 2040 1624; baseline 0.001 -14"><span class='ocrx_word' id='word_1_229' title='bbox 59 1600 61 1602; x_wconf 82' lang='grc'>.</span> <span class='ocrx_word' id='word_1_230' title='bbox 136 1565 247 1610; x_wconf 85' lang='lat' dir='ltr'>talia</span> <span class='ocrx_word' id='word_1_231' title='bbox 279 1565 480 1624; x_wconf 87' lang='lat' dir='ltr'>faciunt,</span> <span class='ocrx_word' id='word_1_232' title='bbox 511 1565 667 1622; x_wconf 88' lang='lat' dir='ltr'>qualia</span> <span class='ocrx_word' id='word_1_233' title='bbox 698 1565 829 1610; x_wconf 90' lang='lat' dir='ltr'>illum</span> <span class='ocrx_word' id='word_1_234' title='bbox 862 1566 994 1612; x_wconf 87' lang='lat' dir='ltr'>libris</span> <span class='ocrx_word' id='word_1_235' title='bbox 1025 1567 1198 1612; x_wconf 87' lang='lat' dir='ltr'>talibus</span> <span class='ocrx_word' id='word_1_236' title='bbox 1231 1567 1399 1612; x_wconf 89' lang='lat' dir='ltr'>fecisse</span> <span class='ocrx_word' id='word_1_237' title='bbox 1430 1567 1662 1611; x_wconf 88' lang='lat' dir='ltr'>mirantur</span> <span class='ocrx_word' id='word_1_238' title='bbox 1687 1582 1699 1611; x_wconf 71' lang='grc' dir='ltr'>ι</span> <span class='ocrx_word' id='word_1_239' title='bbox 1725 1566 1884 1612; x_wconf 81' lang='lat' dir='ltr'>divino</span> <span class='ocrx_word' id='word_1_240' title='bbox 1914 1566 2040 1612; x_wconf 91' lang='lat' dir='ltr'>enim</span> 
     </span>
    </p>
   </div>
   <div class='ocr_carea' id='block_1_4' title="bbox 130 1627 2042 2867">
    <p class='ocr_par' dir='ltr' id='par_1_4' title="bbox 130 1627 2041 1934">
     <span class='ocr_line' id='line_1_24' title="bbox 130 1627 2041 1685; baseline 0.001 -13"><span class='ocrx_word' id='word_1_241' title='bbox 130 1627 310 1685; x_wconf 72' lang='lat' dir='ltr'>iudicio</span> <span class='ocrx_word' id='word_1_242' title='bbox 332 1628 401 1672; x_wconf 91' lang='lat' dir='ltr'>sic</span> <span class='ocrx_word' id='word_1_243' title='bbox 420 1628 596 1683; x_wconf 87' lang='lat' dir='ltr'>errant,</span> <span class='ocrx_word' id='word_1_244' title='bbox 618 1631 673 1671; x_wconf 92' lang='lat' dir='ltr'>ut</span> <span class='ocrx_word' id='word_1_245' title='bbox 691 1627 879 1672; x_wconf 85' lang='lat' dir='ltr'>eosdem</span> <span class='ocrx_word' id='word_1_246' title='bbox 903 1627 1048 1673; x_wconf 91' lang='lat' dir='ltr'>libros</span> <span class='ocrx_word' id='word_1_247' title='bbox 1070 1629 1131 1674; x_wconf 92' lang='lat' dir='ltr'>ad</span> <span class='ocrx_word' id='word_1_248' title='bbox 1148 1631 1335 1673; x_wconf 90' lang='lat' dir='ltr'>Petrum</span> <span class='ocrx_word' id='word_1_249' title='bbox 1358 1632 1405 1674; x_wconf 91' lang='lat' dir='ltr'>et</span> <span class='ocrx_word' id='word_1_250' title='bbox 1424 1629 1619 1673; x_wconf 91' lang='lat' dir='ltr'>Paulum</span> <span class='ocrx_word' id='word_1_251' title='bbox 1638 1628 1796 1673; x_wconf 89' lang='lat' dir='ltr'>dicant</span> <span class='ocrx_word' id='word_1_252' title='bbox 1815 1633 2041 1685; x_wconf 88' lang='lat' dir='ltr'>tanquam</span> 
     </span>
     <span class='ocr_line' id='line_1_25' title="bbox 137 1688 2041 1750; baseline 0.001 -16"><span class='ocrx_word' id='word_1_253' title='bbox 137 1689 373 1747; x_wconf 88' lang='lat' dir='ltr'>epistolari</span> <span class='ocrx_word' id='word_1_254' title='bbox 392 1689 527 1733; x_wconf 89' lang='lat' dir='ltr'>titulo</span> <span class='ocrx_word' id='word_1_255' title='bbox 541 1693 841 1746; x_wconf 85' lang='lat' dir='ltr'>praenotatos,</span> <span class='ocrx_word' id='word_1_256' title='bbox 854 1688 909 1734; x_wconf 87' lang='grc' dir='ltr'><strong>6ὸ</strong></span> <span class='ocrx_word' id='word_1_257' title='bbox 925 1689 1052 1747; x_wconf 79' lang='lat' dir='ltr'>quod</span> <span class='ocrx_word' id='word_1_258' title='bbox 1066 1690 1116 1734; x_wconf 90' lang='lat' dir='ltr'>in</span> <span class='ocrx_word' id='word_1_259' title='bbox 1130 1690 1347 1747; x_wconf 88' lang='lat' dir='ltr'>pluribus</span> <span class='ocrx_word' id='word_1_260' title='bbox 1362 1690 1477 1734; x_wconf 92' lang='lat' dir='ltr'>locis</span> <span class='ocrx_word' id='word_1_261' title='bbox 1491 1689 1633 1734; x_wconf 91' lang='lat' dir='ltr'>simul</span> <span class='ocrx_word' id='word_1_262' title='bbox 1651 1702 1733 1735; x_wconf 91' lang='lat' dir='ltr'>eos</span> <span class='ocrx_word' id='word_1_263' title='bbox 1744 1702 1853 1735; x_wconf 89' lang='lat' dir='ltr'>cum</span> <span class='ocrx_word' id='word_1_264' title='bbox 1863 1691 2041 1750; x_wconf 84' lang='lat' dir='ltr'>Christo</span> 
     </span>
     <span class='ocr_line' id='line_1_26' title="bbox 135 1750 2041 1809; baseline 0.001 -15"><span class='ocrx_word' id='word_1_265' title='bbox 135 1752 287 1808; x_wconf 89' lang='lat' dir='ltr'>pictos</span> <span class='ocrx_word' id='word_1_266' title='bbox 302 1750 537 1796; x_wconf 85' lang='lat' dir='ltr'>viderunt.</span> <span class='ocrx_word' id='word_1_267' title='bbox 561 1752 653 1795; x_wconf 89' lang='lat' dir='ltr'>Nec</span> <span class='ocrx_word' id='word_1_268' title='bbox 674 1750 872 1807; x_wconf 89' lang='lat' dir='ltr'>mirum,</span> <span class='ocrx_word' id='word_1_269' title='bbox 891 1751 932 1796; x_wconf 91' lang='lat' dir='ltr'>si</span> <span class='ocrx_word' id='word_1_270' title='bbox 955 1752 983 1796; x_wconf 75' lang='lat' dir='ltr'>a</span> <span class='ocrx_word' id='word_1_271' title='bbox 1006 1752 1308 1808; x_wconf 86' lang='lat' dir='ltr'>pingentibus</span> <span class='ocrx_word' id='word_1_272' title='bbox 1327 1751 1560 1809; x_wconf 90' lang='lat' dir='ltr'>fingentes</span> <span class='ocrx_word' id='word_1_273' title='bbox 1583 1751 1763 1809; x_wconf 90' lang='lat' dir='ltr'>decepti</span> <span class='ocrx_word' id='word_1_274' title='bbox 1786 1757 1926 1796; x_wconf 90' lang='lat' dir='ltr'>sunt:</span> <span class='ocrx_word' id='word_1_275' title='bbox 1944 1755 2041 1797; x_wconf 90' lang='lat' dir='ltr'>toto</span> 
     </span>
     <span class='ocr_line' id='line_1_27' title="bbox 136 1813 2040 1871; baseline -0.001 -12"><span class='ocrx_word' id='word_1_276' title='bbox 136 1814 264 1859; x_wconf 91' lang='lat' dir='ltr'>enim</span> <span class='ocrx_word' id='word_1_277' title='bbox 283 1817 491 1869; x_wconf 89' lang='lat' dir='ltr'>tempore</span> <span class='ocrx_word' id='word_1_278' title='bbox 507 1825 601 1870; x_wconf 91' lang='lat' dir='ltr'>quo</span> <span class='ocrx_word' id='word_1_279' title='bbox 617 1813 824 1858; x_wconf 90' lang='lat' dir='ltr'>Christus</span> <span class='ocrx_word' id='word_1_280' title='bbox 843 1813 892 1858; x_wconf 93' lang='lat' dir='ltr'>in</span> <span class='ocrx_word' id='word_1_281' title='bbox 907 1826 1048 1859; x_wconf 90' lang='lat' dir='ltr'>carne</span> <span class='ocrx_word' id='word_1_282' title='bbox 1066 1814 1251 1859; x_wconf 88' lang='lat' dir='ltr'>mortali</span> <span class='ocrx_word' id='word_1_283' title='bbox 1265 1826 1375 1859; x_wconf 92' lang='lat' dir='ltr'>cum</span> <span class='ocrx_word' id='word_1_284' title='bbox 1393 1814 1494 1859; x_wconf 88' lang='lat' dir='ltr'>suis</span> <span class='ocrx_word' id='word_1_285' title='bbox 1508 1814 1752 1871; x_wconf 91' lang='lat' dir='ltr'>discipulis</span> <span class='ocrx_word' id='word_1_286' title='bbox 1767 1813 1899 1869; x_wconf 78' lang='lat' dir='ltr'>vixit,</span> <span class='ocrx_word' id='word_1_287' title='bbox 1918 1826 2040 1858; x_wconf 92' lang='lat' dir='ltr'>non-</span> 
     </span>
     <span class='ocr_line' id='line_1_28' title="bbox 136 1875 1108 1934; baseline -0.004 -13"><span class='ocrx_word' id='word_1_288' title='bbox 136 1875 251 1921; x_wconf 88' lang='lat' dir='ltr'>dum</span> <span class='ocrx_word' id='word_1_289' title='bbox 268 1881 368 1921; x_wconf 90' lang='lat' dir='ltr'>erat</span> <span class='ocrx_word' id='word_1_290' title='bbox 390 1876 561 1920; x_wconf 88' lang='lat' dir='ltr'>Paulus</span> <span class='ocrx_word' id='word_1_291' title='bbox 583 1875 842 1931; x_wconf 89' lang='lat' dir='ltr'>discipulus</span> <span class='ocrx_word' id='word_1_292' title='bbox 863 1875 968 1934; x_wconf 89' lang='lat' dir='ltr'>ejus</span> <span class='ocrx_word' id='word_1_293' title='bbox 988 1878 1065 1932; x_wconf 83' lang='lat'>(1).</span> <span class='ocrx_word' id='word_1_294' title='bbox 1087 1896 1108 1916; x_wconf 86' lang='lat'>»</span> 
     </span>
    </p>

    <p class='ocr_par' dir='ltr' id='par_1_5' title="bbox 136 1936 2041 2367">
     <span class='ocr_line' id='line_1_29' title="bbox 191 1936 2040 1997; baseline -0.001 -14"><span class='ocrx_word' id='word_1_295' title='bbox 191 1937 260 1983; x_wconf 84' lang='lat' dir='ltr'>Ad</span> <span class='ocrx_word' id='word_1_296' title='bbox 280 1940 479 1995; x_wconf 83' lang='lat' dir='ltr'>primum</span> <span class='ocrx_word' id='word_1_297' title='bbox 502 1950 613 1994; x_wconf 91' lang='lat' dir='ltr'>ergo</span> <span class='ocrx_word' id='word_1_298' title='bbox 632 1937 899 1994; x_wconf 85' lang='lat' dir='ltr'>dicendum,</span> <span class='ocrx_word' id='word_1_299' title='bbox 921 1938 1063 1997; x_wconf 82' lang='lat' dir='ltr'>quod,</span> <span class='ocrx_word' id='word_1_300' title='bbox 1080 1938 1202 1984; x_wconf 90' lang='lat' dir='ltr'>sicut</span> <span class='ocrx_word' id='word_1_301' title='bbox 1221 1938 1512 1995; x_wconf 85' lang='lat' dir='ltr'>Augustinus</span> <span class='ocrx_word' id='word_1_302' title='bbox 1531 1937 1643 1982; x_wconf 90' lang='lat' dir='ltr'>dicit</span> <span class='ocrx_word' id='word_1_303' title='bbox 1663 1936 1713 1981; x_wconf 90' lang='lat' dir='ltr'>in</span> <span class='ocrx_word' id='word_1_304' title='bbox 1732 1936 1899 1982; x_wconf 89' lang='lat' dir='ltr'>eodem</span> <span class='ocrx_word' id='word_1_305' title='bbox 1918 1936 2040 1982; x_wconf 92' lang='lat' dir='ltr'>libro</span> 
     </span>
     <span class='ocr_line' id='line_1_30' title="bbox 138 1998 2041 2058; baseline -0.001 -14"><span class='ocrx_word' id='word_1_306' title='bbox 138 1999 259 2057; x_wconf 89' lang='lat' dir='ltr'>(cap.</span> <span class='ocrx_word' id='word_1_307' title='bbox 276 2000 362 2045; x_wconf 90' lang='lat' dir='ltr'>ult.</span> <span class='ocrx_word' id='word_1_308' title='bbox 384 2000 444 2044; x_wconf 90' lang='lat' dir='ltr'>ad</span> <span class='ocrx_word' id='word_1_309' title='bbox 461 2000 579 2055; x_wconf 72' lang='lat' dir='ltr'>fin.),</span> <span class='ocrx_word' id='word_1_310' title='bbox 597 2017 617 2038; x_wconf 88' lang='lat'>«</span> <span class='ocrx_word' id='word_1_311' title='bbox 636 2000 857 2044; x_wconf 89' lang='lat' dir='ltr'>omnibus</span> <span class='ocrx_word' id='word_1_312' title='bbox 874 2000 1117 2057; x_wconf 91' lang='lat' dir='ltr'>discipulis</span> <span class='ocrx_word' id='word_1_313' title='bbox 1131 2001 1232 2046; x_wconf 89' lang='lat' dir='ltr'>suis</span> <span class='ocrx_word' id='word_1_314' title='bbox 1253 2005 1476 2058; x_wconf 87' lang='lat' dir='ltr'>tanquam</span> <span class='ocrx_word' id='word_1_315' title='bbox 1498 1999 1723 2044; x_wconf 89' lang='lat' dir='ltr'>membris</span> <span class='ocrx_word' id='word_1_316' title='bbox 1739 1998 1815 2043; x_wconf 89' lang='lat' dir='ltr'>sui</span> <span class='ocrx_word' id='word_1_317' title='bbox 1832 2000 2041 2056; x_wconf 88' lang='lat' dir='ltr'>corporis</span> 
     </span>
     <span class='ocr_line' id='line_1_31' title="bbox 136 2060 2037 2121; baseline -0.001 -14"><span class='ocrx_word' id='word_1_318' title='bbox 136 2062 345 2108; x_wconf 85' lang='lat' dir='ltr'>Christus</span> <span class='ocrx_word' id='word_1_319' title='bbox 369 2067 510 2120; x_wconf 92' lang='lat' dir='ltr'>caput</span> <span class='ocrx_word' id='word_1_320' title='bbox 533 2066 620 2107; x_wconf 87' lang='lat' dir='ltr'>est.</span> <span class='ocrx_word' id='word_1_321' title='bbox 641 2065 800 2119; x_wconf 90' lang='lat' dir='ltr'>Itaque</span> <span class='ocrx_word' id='word_1_322' title='bbox 827 2063 935 2107; x_wconf 74' lang='lat' dir='ltr'>cum</span> <span class='ocrx_word' id='word_1_323' title='bbox 965 2063 1032 2107; x_wconf 91' lang='lat' dir='ltr'>illi</span> <span class='ocrx_word' id='word_1_324' title='bbox 1054 2063 1345 2121; x_wconf 88' lang='lat' dir='ltr'>scripserunt</span> <span class='ocrx_word' id='word_1_325' title='bbox 1368 2074 1473 2120; x_wconf 87' lang='lat' dir='ltr'>quae</span> <span class='ocrx_word' id='word_1_326' title='bbox 1502 2061 1579 2106; x_wconf 89' lang='lat' dir='ltr'>ille</span> <span class='ocrx_word' id='word_1_327' title='bbox 1606 2060 1811 2106; x_wconf 90' lang='lat' dir='ltr'>ostendit</span> <span class='ocrx_word' id='word_1_328' title='bbox 1832 2066 1880 2106; x_wconf 92' lang='lat' dir='ltr'>et</span> <span class='ocrx_word' id='word_1_329' title='bbox 1906 2061 2037 2117; x_wconf 81' lang='lat' dir='ltr'>dixit,</span> 
     </span>
     <span class='ocr_line' id='line_1_32' title="bbox 137 2122 2041 2182; baseline -0.001 -14"><span class='ocrx_word' id='word_1_330' title='bbox 137 2136 436 2181; x_wconf 87' lang='lat' dir='ltr'>nequaquam</span> <span class='ocrx_word' id='word_1_331' title='bbox 450 2124 700 2170; x_wconf 91' lang='lat' dir='ltr'>dicendum</span> <span class='ocrx_word' id='word_1_332' title='bbox 715 2123 924 2180; x_wconf 76' lang='lat' dir='ltr'>estquod</span> <span class='ocrx_word' id='word_1_333' title='bbox 940 2124 1040 2182; x_wconf 87' lang='lat' dir='ltr'>ipse</span> <span class='ocrx_word' id='word_1_334' title='bbox 1055 2138 1150 2169; x_wconf 90' lang='lat' dir='ltr'>non</span> <span class='ocrx_word' id='word_1_335' title='bbox 1162 2124 1420 2182; x_wconf 55' lang='lat' dir='ltr'>scripserim,</span> <span class='ocrx_word' id='word_1_336' title='bbox 1435 2122 1815 2182; x_wconf 89' lang='lat' dir='ltr'>quandoquidem</span> <span class='ocrx_word' id='word_1_337' title='bbox 1829 2123 2041 2168; x_wconf 86' lang='lat' dir='ltr'>membra</span> 
     </span>
     <span class='ocr_line' id='line_1_33' title="bbox 137 2183 2040 2243; baseline -0.001 -12"><span class='ocrx_word' id='word_1_338' title='bbox 137 2185 242 2243; x_wconf 85' lang='lat' dir='ltr'>ejus</span> <span class='ocrx_word' id='word_1_339' title='bbox 260 2186 307 2231; x_wconf 93' lang='lat' dir='ltr'>id</span> <span class='ocrx_word' id='word_1_340' title='bbox 325 2190 516 2243; x_wconf 88' lang='lat' dir='ltr'>operata</span> <span class='ocrx_word' id='word_1_341' title='bbox 536 2190 649 2231; x_wconf 90' lang='lat' dir='ltr'>sunt</span> <span class='ocrx_word' id='word_1_342' title='bbox 667 2186 795 2243; x_wconf 89' lang='lat' dir='ltr'>quod</span> <span class='ocrx_word' id='word_1_343' title='bbox 812 2186 1018 2231; x_wconf 87' lang='lat' dir='ltr'>dictante</span> <span class='ocrx_word' id='word_1_344' title='bbox 1037 2186 1189 2243; x_wconf 91' lang='lat' dir='ltr'>capite</span> <span class='ocrx_word' id='word_1_345' title='bbox 1207 2189 1554 2242; x_wconf 88' lang='lat' dir='ltr'>cognoverunt:</span> <span class='ocrx_word' id='word_1_346' title='bbox 1570 2183 1799 2243; x_wconf 87' lang='lat' dir='ltr'>quidquid</span> <span class='ocrx_word' id='word_1_347' title='bbox 1816 2184 1942 2229; x_wconf 90' lang='lat' dir='ltr'>enim</span> <span class='ocrx_word' id='word_1_348' title='bbox 1963 2185 2040 2229; x_wconf 91' lang='lat' dir='ltr'>ille</span> 
     </span>
     <span class='ocr_line' id='line_1_34' title="bbox 137 2245 2041 2306; baseline -0.001 -12"><span class='ocrx_word' id='word_1_349' title='bbox 137 2247 197 2294; x_wconf 85' lang='lat' dir='ltr'>de</span> <span class='ocrx_word' id='word_1_350' title='bbox 218 2247 317 2292; x_wconf 91' lang='lat' dir='ltr'>suis</span> <span class='ocrx_word' id='word_1_351' title='bbox 334 2248 468 2292; x_wconf 87' lang='lat' dir='ltr'>factis</span> <span class='ocrx_word' id='word_1_352' title='bbox 483 2252 530 2292; x_wconf 91' lang='lat' dir='ltr'>et</span> <span class='ocrx_word' id='word_1_353' title='bbox 548 2247 683 2293; x_wconf 90' lang='lat' dir='ltr'>dictis</span> <span class='ocrx_word' id='word_1_354' title='bbox 698 2258 787 2292; x_wconf 92' lang='lat' dir='ltr'>nos</span> <span class='ocrx_word' id='word_1_355' title='bbox 804 2247 961 2305; x_wconf 89' lang='lat' dir='ltr'>legere</span> <span class='ocrx_word' id='word_1_356' title='bbox 970 2248 1136 2304; x_wconf 82' lang='lat' dir='ltr'>voluit,</span> <span class='ocrx_word' id='word_1_357' title='bbox 1149 2249 1238 2292; x_wconf 93' lang='lat' dir='ltr'>hoc</span> <span class='ocrx_word' id='word_1_358' title='bbox 1256 2248 1554 2293; x_wconf 88' lang='lat' dir='ltr'>scribendum</span> <span class='ocrx_word' id='word_1_359' title='bbox 1574 2245 1685 2306; x_wconf 83' lang='lat' dir='ltr'>illis,</span> <span class='ocrx_word' id='word_1_360' title='bbox 1696 2251 1921 2304; x_wconf 84' lang='lat' dir='ltr'>tanquam</span> <span class='ocrx_word' id='word_1_361' title='bbox 1942 2247 2041 2292; x_wconf 90' lang='lat' dir='ltr'>suis</span> 
     </span>
     <span class='ocr_line' id='line_1_35' title="bbox 136 2310 697 2367; baseline -0.007 -11"><span class='ocrx_word' id='word_1_362' title='bbox 136 2311 374 2365; x_wconf 79' lang='lat' dir='ltr'>manib11S‚</span> <span class='ocrx_word' id='word_1_363' title='bbox 397 2310 658 2367; x_wconf 87' lang='lat' dir='ltr'>imperavit.</span> <span class='ocrx_word' id='word_1_364' title='bbox 676 2329 697 2350; x_wconf 65' lang='grc' dir='ltr'>ι»</span> 
     </span>
    </p>

    <p class='ocr_par' dir='ltr' id='par_1_6' title="bbox 135 2371 2042 2677">
     <span class='ocr_line' id='line_1_36' title="bbox 192 2371 2042 2430; baseline -0.002 -11"><span class='ocrx_word' id='word_1_365' title='bbox 192 2373 261 2419; x_wconf 89' lang='lat' dir='ltr'>Ad</span> <span class='ocrx_word' id='word_1_366' title='bbox 278 2373 526 2417; x_wconf 75' lang='lat' dir='ltr'>secundum</span> <span class='ocrx_word' id='word_1_367' title='bbox 552 2372 827 2429; x_wconf 84' lang='lat' dir='ltr'>dicendum,</span> <span class='ocrx_word' id='word_1_368' title='bbox 851 2373 975 2429; x_wconf 78' lang='lat' dir='ltr'>quod</span> <span class='ocrx_word' id='word_1_369' title='bbox 995 2373 1105 2430; x_wconf 88' lang='lat' dir='ltr'>quia</span> <span class='ocrx_word' id='word_1_370' title='bbox 1130 2373 1207 2417; x_wconf 85' lang='lat' dir='ltr'>lex</span> <span class='ocrx_word' id='word_1_371' title='bbox 1224 2377 1361 2418; x_wconf 84' lang='lat' dir='ltr'>vetus</span> <span class='ocrx_word' id='word_1_372' title='bbox 1384 2373 1434 2417; x_wconf 91' lang='lat' dir='ltr'>in</span> <span class='ocrx_word' id='word_1_373' title='bbox 1454 2371 1756 2417; x_wconf 89' lang='lat' dir='ltr'>sensibilibus</span> <span class='ocrx_word' id='word_1_374' title='bbox 1774 2371 1940 2428; x_wconf 86' lang='lat' dir='ltr'>figuris</span> <span class='ocrx_word' id='word_1_375' title='bbox 1959 2371 2042 2416; x_wconf 90' lang='lat' dir='ltr'>da-</span> 
     </span>
     <span class='ocr_line' id='line_1_37' title="bbox 135 2432 2041 2494; baseline -0.002 -12"><span class='ocrx_word' id='word_1_376' title='bbox 135 2435 292 2487; x_wconf 89' lang='lat' dir='ltr'>batur,</span> <span class='ocrx_word' id='word_1_377' title='bbox 310 2435 414 2481; x_wconf 90' lang='lat' dir='ltr'>ideo</span> <span class='ocrx_word' id='word_1_378' title='bbox 430 2434 568 2480; x_wconf 90' lang='lat' dir='ltr'>etiam</span> <span class='ocrx_word' id='word_1_379' title='bbox 583 2434 917 2479; x_wconf 88' lang='lat' dir='ltr'>convenienter</span> <span class='ocrx_word' id='word_1_380' title='bbox 931 2434 1234 2479; x_wconf 88' lang='lat' dir='ltr'>sensibilibus</span> <span class='ocrx_word' id='word_1_381' title='bbox 1248 2433 1397 2491; x_wconf 88' lang='lat' dir='ltr'>signis</span> <span class='ocrx_word' id='word_1_382' title='bbox 1413 2434 1584 2494; x_wconf 82' lang='lat' dir='ltr'>scripta</span> <span class='ocrx_word' id='word_1_383' title='bbox 1600 2433 1704 2478; x_wconf 85' lang='lat' dir='ltr'>fuit.</span> <span class='ocrx_word' id='word_1_384' title='bbox 1722 2433 1811 2478; x_wconf 91' lang='lat' dir='ltr'>Sed</span> <span class='ocrx_word' id='word_1_385' title='bbox 1830 2432 2041 2479; x_wconf 86' lang='lat' dir='ltr'>doctrina</span> 
     </span>
     <span class='ocr_line' id='line_1_38' title="bbox 138 2495 2042 2554; baseline -0.002 -11"><span class='ocrx_word' id='word_1_386' title='bbox 138 2497 321 2553; x_wconf 84' lang='lat' dir='ltr'>Christi,</span> <span class='ocrx_word' id='word_1_387' title='bbox 341 2509 448 2554; x_wconf 86' lang='lat' dir='ltr'>quae</span> <span class='ocrx_word' id='word_1_388' title='bbox 465 2500 539 2542; x_wconf 88' lang='lat' dir='ltr'>est</span> <span class='ocrx_word' id='word_1_389' title='bbox 559 2497 636 2540; x_wconf 78' lang='lat' dir='ltr'>lex</span> <span class='ocrx_word' id='word_1_390' title='bbox 653 2499 843 2553; x_wconf 68' lang='lat' dir='ltr'>spiritas</span> <span class='ocrx_word' id='word_1_391' title='bbox 861 2499 983 2552; x_wconf 79' lang='lat' dir='ltr'>vitae‚</span> <span class='ocrx_word' id='word_1_392' title='bbox 1004 2495 1146 2540; x_wconf 85' lang='lat' dir='ltr'>scribi</span> <span class='ocrx_word' id='word_1_393' title='bbox 1167 2495 1343 2552; x_wconf 90' lang='lat' dir='ltr'>debuit,</span> <span class='ocrx_word' id='word_1_394' title='bbox 1359 2509 1450 2539; x_wconf 78' lang='lat' dir='ltr'>non</span> <span class='ocrx_word' id='word_1_395' title='bbox 1469 2496 1748 2551; x_wconf 76' lang='lat' dir='ltr'>atramento,</span> <span class='ocrx_word' id='word_1_396' title='bbox 1765 2496 1848 2539; x_wconf 84' lang='lat' dir='ltr'>sed</span> <span class='ocrx_word' id='word_1_397' title='bbox 1862 2498 2042 2552; x_wconf 77' lang='lat' dir='ltr'>Spiritu</span> 
     </span>
     <span class='ocr_line' id='line_1_39' title="bbox 136 2556 2042 2615; baseline -0.001 -12"><span class='ocrx_word' id='word_1_398' title='bbox 136 2562 223 2603; x_wconf 79' lang='lat' dir='ltr'>Dei</span> <span class='ocrx_word' id='word_1_399' title='bbox 232 2562 324 2604; x_wconf 81' lang='lat' dir='ltr'>vivi</span> <span class='ocrx_word' id='word_1_400' title='bbox 330 2574 347 2615; x_wconf 94' lang='lat'>‚·</span> <span class='ocrx_word' id='word_1_401' title='bbox 358 2572 449 2602; x_wconf 79' lang='lat' dir='ltr'>non</span> <span class='ocrx_word' id='word_1_402' title='bbox 462 2562 512 2602; x_wconf 81' lang='lat' dir='ltr'>in</span> <span class='ocrx_word' id='word_1_403' title='bbox 525 2558 694 2602; x_wconf 78' lang='lat' dir='ltr'>tabulis</span> <span class='ocrx_word' id='word_1_404' title='bbox 706 2559 921 2615; x_wconf 76' lang='lat' dir='ltr'>lapideis,</span> <span class='ocrx_word' id='word_1_405' title='bbox 930 2558 1011 2602; x_wconf 83' lang='lat' dir='ltr'>sed</span> <span class='ocrx_word' id='word_1_406' title='bbox 1027 2562 1077 2602; x_wconf 79' lang='lat' dir='ltr'>in</span> <span class='ocrx_word' id='word_1_407' title='bbox 1090 2558 1255 2602; x_wconf 80' lang='lat' dir='ltr'>tabulis</span> <span class='ocrx_word' id='word_1_408' title='bbox 1270 2558 1422 2602; x_wconf 78' lang='lat' dir='ltr'>cordis</span> <span class='ocrx_word' id='word_1_409' title='bbox 1434 2557 1718 2613; x_wconf 76' lang='lat' dir='ltr'>carnalibus,</span> <span class='ocrx_word' id='word_1_410' title='bbox 1729 2560 1782 2601; x_wconf 93' lang='lat' dir='ltr'>ut</span> <span class='ocrx_word' id='word_1_411' title='bbox 1793 2556 2042 2614; x_wconf 85' lang='lat' dir='ltr'>Apostolus</span> 
     </span>
     <span class='ocr_line' id='line_1_40' title="bbox 138 2621 724 2677; baseline -0.005 -8"><span class='ocrx_word' id='word_1_412' title='bbox 138 2621 251 2669; x_wconf 83' lang='lat' dir='ltr'>dicit</span> <span class='ocrx_word' id='word_1_413' title='bbox 270 2624 336 2677; x_wconf 85' lang='lat' dir='ltr'>(ll.</span> <span class='ocrx_word' id='word_1_414' title='bbox 356 2621 560 2666; x_wconf 85' lang='lat' dir='ltr'>Corinth.</span> <span class='ocrx_word' id='word_1_415' title='bbox 581 2634 643 2676; x_wconf 74' lang='grc' dir='ltr'>ιιι,</span> <span class='ocrx_word' id='word_1_416' title='bbox 664 2623 724 2676; x_wconf 86' lang='grc'>3).</span> 
     </span>
    </p>

    <p class='ocr_par' dir='ltr' id='par_1_7' title="bbox 137 2679 2042 2867">
     <span class='ocr_line' id='line_1_41' title="bbox 192 2679 2040 2740; baseline -0.004 -9"><span class='ocrx_word' id='word_1_417' title='bbox 192 2684 259 2730; x_wconf 84' lang='lat' dir='ltr'>Ad</span> <span class='ocrx_word' id='word_1_418' title='bbox 275 2687 458 2730; x_wconf 81' lang='lat' dir='ltr'>tertium</span> <span class='ocrx_word' id='word_1_419' title='bbox 476 2683 744 2740; x_wconf 86' lang='lat' dir='ltr'>dicendum,</span> <span class='ocrx_word' id='word_1_420' title='bbox 758 2682 885 2740; x_wconf 80' lang='lat' dir='ltr'>quod</span> <span class='ocrx_word' id='word_1_421' title='bbox 903 2681 969 2727; x_wconf 89' lang='lat' dir='ltr'>illi</span> <span class='ocrx_word' id='word_1_422' title='bbox 983 2681 1064 2739; x_wconf 89' lang='lat' dir='ltr'>qui</span> <span class='ocrx_word' id='word_1_423' title='bbox 1086 2681 1329 2739; x_wconf 83' lang='lat' dir='ltr'>scripturae</span> <span class='ocrx_word' id='word_1_424' title='bbox 1343 2681 1660 2739; x_wconf 90' lang='lat' dir='ltr'>apostolorum</span> <span class='ocrx_word' id='word_1_425' title='bbox 1674 2680 1732 2725; x_wconf 88' lang='lat' dir='ltr'>de</span> <span class='ocrx_word' id='word_1_426' title='bbox 1747 2679 1926 2724; x_wconf 88' lang='lat' dir='ltr'>Christo</span> <span class='ocrx_word' id='word_1_427' title='bbox 1938 2690 2040 2724; x_wconf 89' lang='lat' dir='ltr'>cre-</span> 
     </span>
     <span class='ocr_line' id='line_1_42' title="bbox 137 2742 2042 2803; baseline -0.003 -10"><span class='ocrx_word' id='word_1_428' title='bbox 137 2746 249 2793; x_wconf 89' lang='lat' dir='ltr'>dere</span> <span class='ocrx_word' id='word_1_429' title='bbox 266 2749 535 2803; x_wconf 86' lang='lat' dir='ltr'>noluerunt,</span> <span class='ocrx_word' id='word_1_430' title='bbox 558 2758 646 2791; x_wconf 88' lang='lat' dir='ltr'>nec</span> <span class='ocrx_word' id='word_1_431' title='bbox 663 2746 752 2803; x_wconf 92' lang='lat' dir='ltr'>ipsi</span> <span class='ocrx_word' id='word_1_432' title='bbox 772 2746 949 2791; x_wconf 88' lang='lat' dir='ltr'>Christo</span> <span class='ocrx_word' id='word_1_433' title='bbox 965 2744 1188 2790; x_wconf 82' lang='lat' dir='ltr'>scribenti</span> <span class='ocrx_word' id='word_1_434' title='bbox 1206 2744 1528 2795; x_wconf 72' lang='lat' dir='ltr'>credidissent,</span> <span class='ocrx_word' id='word_1_435' title='bbox 1544 2744 1603 2790; x_wconf 88' lang='lat' dir='ltr'>de</span> <span class='ocrx_word' id='word_1_436' title='bbox 1617 2756 1711 2802; x_wconf 89' lang='lat' dir='ltr'>quo</span> <span class='ocrx_word' id='word_1_437' title='bbox 1728 2742 2042 2800; x_wconf 88' lang='lat' dir='ltr'>opinabantur</span> 
     </span>
     <span class='ocr_line' id='line_1_43' title="bbox 137 2807 1214 2867; baseline -0.004 -12"><span class='ocrx_word' id='word_1_438' title='bbox 137 2810 262 2867; x_wconf 67' lang='lat' dir='ltr'>qued</span> <span class='ocrx_word' id='word_1_439' title='bbox 284 2809 477 2866; x_wconf 87' lang='lat' dir='ltr'>magicis</span> <span class='ocrx_word' id='word_1_440' title='bbox 495 2809 674 2854; x_wconf 89' lang='lat' dir='ltr'>artibus</span> <span class='ocrx_word' id='word_1_441' title='bbox 689 2808 874 2853; x_wconf 87' lang='lat' dir='ltr'>fecisset</span> <span class='ocrx_word' id='word_1_442' title='bbox 893 2807 1119 2852; x_wconf 88' lang='lat' dir='ltr'>miracula</span> <span class='ocrx_word' id='word_1_443' title='bbox 1138 2809 1214 2863; x_wconf 73' lang='grc' dir='ltr'>(Ξ).</span> 
     </span>
    </p>
   </div>
   <div class='ocr_carea' id='block_1_5' title="bbox 825 2908 1348 2974">
    <p class='ocr_par' dir='ltr' id='par_1_8' title="bbox 825 2908 1348 2974">
     <span class='ocr_line' id='line_1_44' title="bbox 825 2908 1348 2974; baseline -0.006 -11"><span class='ocrx_word' id='word_1_444' title='bbox 825 2909 1130 2974; x_wconf 87' lang='lat' dir='ltr'><strong>QUAESTIO</strong></span> <span class='ocrx_word' id='word_1_445' title='bbox 1168 2908 1348 2962; x_wconf 89' lang='lat' dir='ltr'><strong>XLIII.</strong></span> 
     </span>
    </p>
   </div>
   <div class='ocr_carea' id='block_1_6' title="bbox 169 3012 2010 3114">
    <p class='ocr_par' dir='ltr' id='par_1_9' title="bbox 169 3012 2010 3114">
     <span class='ocr_line' id='line_1_45' title="bbox 169 3012 2010 3064; baseline 0 -13"><span class='ocrx_word' id='word_1_446' title='bbox 169 3015 232 3051; x_wconf 75' lang='lat' dir='ltr'>DE</span> <span class='ocrx_word' id='word_1_447' title='bbox 262 3016 515 3052; x_wconf 80' lang='lat' dir='ltr'>MIRACULIS</span> <span class='ocrx_word' id='word_1_448' title='bbox 546 3017 576 3051; x_wconf 81' lang='lat' dir='ltr'>A</span> <span class='ocrx_word' id='word_1_449' title='bbox 609 3015 809 3052; x_wconf 83' lang='lat' dir='ltr'><strong>CHRISTO</strong></span> <span class='ocrx_word' id='word_1_450' title='bbox 842 3014 1006 3051; x_wconf 77' lang='lat' dir='ltr'>FACTIS</span> <span class='ocrx_word' id='word_1_451' title='bbox 1039 3016 1088 3051; x_wconf 90' lang='lat' dir='ltr'>IN</span> <span class='ocrx_word' id='word_1_452' title='bbox 1126 3015 1384 3064; x_wconf 73' lang='lat' dir='ltr'>GENERALI,</span> <span class='ocrx_word' id='word_1_453' title='bbox 1413 3014 1460 3049; x_wconf 89' lang='lat' dir='ltr'>IN</span> <span class='ocrx_word' id='word_1_454' title='bbox 1494 3013 1717 3057; x_wconf 77' lang='lat' dir='ltr'>QUATUOR</span> <span class='ocrx_word' id='word_1_455' title='bbox 1749 3012 2010 3051; x_wconf 78' lang='lat' dir='ltr'>AR&#39;rmULos</span> 
     </span>
     <span class='ocr_line' id='line_1_46' title="bbox 1008 3078 1175 3114; baseline 0.012 -2"><span class='ocrx_word' id='word_1_456' title='bbox 1008 3078 1175 3114; x_wconf 79' lang='lat' dir='ltr'>DIVISA.</span> 
     </span>
    </p>
   </div>
   <div class='ocr_carea' id='block_1_7' title="bbox 135 3157 2040 3266">
    <p class='ocr_par' dir='ltr' id='par_1_10' title="bbox 135 3157 2040 3266">
     <span class='ocr_line' id='line_1_47' title="bbox 185 3157 2040 3209; baseline -0.002 -9"><span class='ocrx_word' id='word_1_457' title='bbox 185 3158 339 3200; x_wconf 83' lang='lat' dir='ltr'>Deinde</span> <span class='ocrx_word' id='word_1_458' title='bbox 357 3158 703 3199; x_wconf 86' lang='lat' dir='ltr'>considerandum</span> <span class='ocrx_word' id='word_1_459' title='bbox 724 3162 784 3199; x_wconf 86' lang='lat' dir='ltr'>est</span> <span class='ocrx_word' id='word_1_460' title='bbox 803 3159 853 3199; x_wconf 89' lang='lat' dir='ltr'>de</span> <span class='ocrx_word' id='word_1_461' title='bbox 868 3159 1084 3200; x_wconf 87' lang='lat' dir='ltr'>miraculis</span> <span class='ocrx_word' id='word_1_462' title='bbox 1098 3159 1122 3198; x_wconf 75' lang='lat' dir='ltr'>a</span> <span class='ocrx_word' id='word_1_463' title='bbox 1138 3160 1299 3200; x_wconf 89' lang='lat' dir='ltr'>Christo</span> <span class='ocrx_word' id='word_1_464' title='bbox 1316 3159 1434 3200; x_wconf 84' lang='lat' dir='ltr'>factis</span> <span class='ocrx_word' id='word_1_465' title='bbox 1454 3172 1465 3198; x_wconf 90' lang='lat'>:</span> <span class='ocrx_word' id='word_1_466' title='bbox 1486 3160 1526 3197; x_wconf 90' lang='lat' dir='ltr'>et</span> <span class='ocrx_word' id='word_1_467' title='bbox 1547 3158 1682 3209; x_wconf 76' lang='lat' dir='ltr'>primo</span> <span class='ocrx_word' id='word_1_468' title='bbox 1700 3158 1745 3196; x_wconf 88' lang='lat' dir='ltr'>in</span> <span class='ocrx_word' id='word_1_469' title='bbox 1764 3157 1963 3208; x_wconf 81' lang='lat' dir='ltr'>generali3</span> <span class='ocrx_word' id='word_1_470' title='bbox 1977 3165 2040 3196; x_wconf 85' lang='lat' dir='ltr'>se·</span> 
     </span>
     <span class='ocr_line' id='line_1_48' title="bbox 135 3212 2040 3266; baseline -0.002 -11"><span class='ocrx_word' id='word_1_471' title='bbox 135 3214 291 3264; x_wconf 70' lang='lat' dir='ltr'>cundi),</span> <span class='ocrx_word' id='word_1_472' title='bbox 304 3215 348 3255; x_wconf 87' lang='lat' dir='ltr'>in</span> <span class='ocrx_word' id='word_1_473' title='bbox 361 3214 526 3265; x_wconf 84' lang='lat' dir='ltr'>speciali</span> <span class='ocrx_word' id='word_1_474' title='bbox 544 3214 593 3254; x_wconf 90' lang='grc'><strong>(16</strong></span> <span class='ocrx_word' id='word_1_475' title='bbox 610 3215 790 3264; x_wconf 80' lang='lat' dir='ltr'>singulis</span> <span class='ocrx_word' id='word_1_476' title='bbox 808 3215 1106 3256; x_wconf 89' lang='lat' dir='ltr'>miraculorum</span> <span class='ocrx_word' id='word_1_477' title='bbox 1122 3215 1366 3266; x_wconf 76' lang='lat' dir='ltr'>generibus3</span> <span class='ocrx_word' id='word_1_478' title='bbox 1384 3213 1519 3262; x_wconf 80' lang='lat' dir='ltr'>tertio,</span> <span class='ocrx_word' id='word_1_479' title='bbox 1536 3214 1580 3253; x_wconf 90' lang='lat' dir='ltr'>in</span> <span class='ocrx_word' id='word_1_480' title='bbox 1596 3212 1835 3263; x_wconf 87' lang='lat' dir='ltr'>particulari</span> <span class='ocrx_word' id='word_1_481' title='bbox 1849 3212 1898 3252; x_wconf 90' lang='grc'><strong>(16</strong></span> <span class='ocrx_word' id='word_1_482' title='bbox 1914 3217 2040 3252; x_wconf 74' lang='lat' dir='ltr'>trans·</span> 
     </span>
    </p>
   </div>
   <div class='ocr_carea' id='block_1_8' title="bbox 134 3293 2036 3484">
    <p class='ocr_par' dir='ltr' id='par_1_11' title="bbox 134 3293 2036 3436">
     <span class='ocr_line' id='line_1_49' title="bbox 176 3293 2036 3342; baseline -0.002 -10"><span class='ocrx_word' id='word_1_483' title='bbox 176 3297 222 3340; x_wconf 72' lang='lat' dir='ltr'>(l)</span> <span class='ocrx_word' id='word_1_484' title='bbox 236 3295 398 3332; x_wconf 83' lang='lat' dir='ltr'>Nonnulli</span> <span class='ocrx_word' id='word_1_485' title='bbox 421 3295 473 3330; x_wconf 85' lang='lat' dir='ltr'>illi</span> <span class='ocrx_word' id='word_1_486' title='bbox 494 3295 687 3330; x_wconf 85' lang='lat' dir='ltr'>attribuunt</span> <span class='ocrx_word' id='word_1_487' title='bbox 712 3297 890 3338; x_wconf 85' lang='lat' dir='ltr'>epistolam</span> <span class='ocrx_word' id='word_1_488' title='bbox 907 3298 950 3334; x_wconf 82' lang='lat' dir='ltr'>ad</span> <span class='ocrx_word' id='word_1_489' title='bbox 975 3297 1042 3333; x_wconf 80' lang='lat' dir='ltr'>Ab·</span> <span class='ocrx_word' id='word_1_490' title='bbox 1126 3298 1251 3342; x_wconf 82' lang='lat' dir='ltr'>minus,</span> <span class='ocrx_word' id='word_1_491' title='bbox 1267 3297 1433 3337; x_wconf 78' lang='lat' dir='ltr'>Moehler,</span> <span class='ocrx_word' id='word_1_492' title='bbox 1450 3297 1502 3331; x_wconf 82' lang='lat' dir='ltr'>De</span> <span class='ocrx_word' id='word_1_493' title='bbox 1521 3296 1560 3330; x_wconf 89' lang='lat' dir='ltr'>la</span> <span class='ocrx_word' id='word_1_494' title='bbox 1572 3293 1809 3339; x_wconf 63' lang='lat' dir='ltr'>symbolique,</span> <span class='ocrx_word' id='word_1_495' title='bbox 1830 3295 1882 3330; x_wconf 84' lang='lat' dir='ltr'>De</span> <span class='ocrx_word' id='word_1_496' title='bbox 1902 3293 2036 3329; x_wconf 63' lang='lat' dir='ltr'>l&#39;um&#39;tb</span> 
     </span>
     <span class='ocr_line' id='line_1_50' title="bbox 135 3342 2036 3390; baseline -0.003 -11"><span class='ocrx_word' id='word_1_497' title='bbox 135 3356 267 3386; x_wconf 70' lang='lat' dir='ltr'>garum,</span> <span class='ocrx_word' id='word_1_498' title='bbox 289 3344 348 3380; x_wconf 87' lang='lat' dir='ltr'>sed</span> <span class='ocrx_word' id='word_1_499' title='bbox 366 3343 489 3378; x_wconf 75' lang='lat' dir='ltr'>merito</span> <span class='ocrx_word' id='word_1_500' title='bbox 518 3343 682 3385; x_wconf 60' lang='lat' dir='ltr'>edusius,</span> <span class='ocrx_word' id='word_1_501' title='bbox 703 3356 776 3386; x_wconf 78' lang='lat' dir='ltr'>cap.</span> <span class='ocrx_word' id='word_1_502' title='bbox 802 3347 945 3381; x_wconf 78' lang='lat' dir='ltr'>Sancta</span> <span class='ocrx_word' id='word_1_503' title='bbox 970 3346 1041 3382; x_wconf 87' lang='lat' dir='ltr'>Ro·</span> <span class='ocrx_word' id='word_1_504' title='bbox 1126 3347 1170 3381; x_wconf 86' lang='lat' dir='ltr'>de</span> <span class='ocrx_word' id='word_1_505' title='bbox 1190 3347 1363 3390; x_wconf 74' lang='lat' dir='ltr'>l&#39;quise;</span> <span class='ocrx_word' id='word_1_506' title='bbox 1381 3346 1429 3380; x_wconf 89' lang='lat' dir='ltr'>De</span> <span class='ocrx_word' id='word_1_507' title='bbox 1446 3344 1595 3385; x_wconf 81' lang='lat' dir='ltr'>Maistre,</span> <span class='ocrx_word' id='word_1_508' title='bbox 1614 3343 1675 3378; x_wconf 78' lang='lat' dir='ltr'>Du</span> <span class='ocrx_word' id='word_1_509' title='bbox 1692 3343 1867 3386; x_wconf 78' lang='lat' dir='ltr'>principe</span> <span class='ocrx_word' id='word_1_510' title='bbox 1884 3342 2036 3385; x_wconf 63' lang='lat' dir='ltr'>abuera-</span> 
     </span>
     <span class='ocr_line' id='line_1_51' title="bbox 134 3392 1225 3436; baseline 0.002 -8"><span class='ocrx_word' id='word_1_511' title='bbox 134 3403 260 3433; x_wconf 79' lang='lat' dir='ltr'>mana,</span> <span class='ocrx_word' id='word_1_512' title='bbox 277 3394 355 3428; x_wconf 80' lang='lat' dir='ltr'>dist.</span> <span class='ocrx_word' id='word_1_513' title='bbox 372 3394 426 3435; x_wconf 66' lang='lat'>45,</span> <span class='ocrx_word' id='word_1_514' title='bbox 437 3392 619 3427; x_wconf 78' lang='lat' dir='ltr'>declaravit</span> <span class='ocrx_word' id='word_1_515' title='bbox 633 3404 706 3426; x_wconf 82' lang='lat' dir='ltr'>eam</span> <span class='ocrx_word' id='word_1_516' title='bbox 718 3403 787 3428; x_wconf 89' lang='lat' dir='ltr'>esse</span> <span class='ocrx_word' id='word_1_517' title='bbox 803 3394 1040 3436; x_wconf 77' lang='lat' dir='ltr'>apocrypham.</span> <span class='ocrx_word' id='word_1_518' title='bbox 1128 3398 1225 3431; x_wconf 66' lang='lat' dir='ltr'>tear.</span> 
     </span>
    </p>

    <p class='ocr_par' dir='ltr' id='par_1_12' title="bbox 176 3440 1042 3484">
     <span class='ocr_line' id='line_1_52' title="bbox 176 3440 1042 3484; baseline 0.001 -9"><span class='ocrx_word' id='word_1_519' title='bbox 176 3440 222 3484; x_wconf 86' lang='lat'>(2)</span> <span class='ocrx_word' id='word_1_520' title='bbox 241 3441 293 3477; x_wconf 84' lang='lat' dir='ltr'>Cf.</span> <span class='ocrx_word' id='word_1_521' title='bbox 321 3440 363 3476; x_wconf 83' lang='lat' dir='ltr'>de</span> <span class='ocrx_word' id='word_1_522' title='bbox 388 3440 490 3476; x_wconf 84' lang='lat' dir='ltr'>verbo</span> <span class='ocrx_word' id='word_1_523' title='bbox 513 3440 641 3481; x_wconf 85' lang='lat' dir='ltr'>scripto</span> <span class='ocrx_word' id='word_1_524' title='bbox 668 3444 703 3474; x_wconf 82' lang='lat' dir='ltr'>et</span> <span class='ocrx_word' id='word_1_525' title='bbox 730 3440 858 3475; x_wconf 82' lang='lat' dir='ltr'>tradito</span> <span class='ocrx_word' id='word_1_526' title='bbox 885 3455 893 3475; x_wconf 91' lang='lat'>:</span> <span class='ocrx_word' id='word_1_527' title='bbox 919 3442 1042 3476; x_wconf 78' lang='lat' dir='ltr'>Bellar-</span> 
     </span>
    </p>
   </div>
  </div>
 </body>
</html>
