2170 3808
759 161 958 212 QUAEST.
986 161 1111 217 LVII,
1141 161 1257 203 ART.
1280 161 1315 204 1.
1442 168 1447 174 ’
1898 164 1979 205 477

181 248 522 292 ARTICULUS
548 246 587 288 1.
616 264 672 275 -
700 254 835 285 urium
861 255 1008 285 runnu-
1037 255 1292 285 convnmnns
1321 254 1526 285 cnmsruu
1554 252 1793 286 Ascnnnmir:
1821 241 1895 294 (1).

101 315 150 352 De
165 315 218 352 his
232 317 335 351 etiam
354 316 446 350 Sent.
464 320 519 355 111,
537 311 615 346 dist.
630 310 685 352 22,
697 313 816 352 quaest.
829 318 884 352 ιιι,
903 314 970 345 art.
985 311 1018 352 4,
1036 314 1071 344 et
1087 310 1208 350 Opusc.
1230 318 1270 348 n.
1292 320 1364 351 cap.
1376 308 1452 349 2⁴0,
1467 312 1502 344 et
1518 309 1639 351 Opusc.
1651 317 1706 347 Lx,
1720 320 1793 350 cap.
1813 308 1855 343 25
1869 307 1981 350 princ·

155 371 222 416 Ad
244 371 445 427 primum
464 367 532 413 sic
548 363 824 423 proceditur.
850 368 893 408 1.
915 365 1102 409 Videtur
1119 363 1245 420 quod
1261 375 1355 406 non
1375 363 1515 407 fuerit
1528 364 1813 408 conveniens
1833 363 1979 407 Chris-

101 436 200 476 tum
235 431 503 477 ascendere.
542 427 656 472 Dicit
687 426 811 471 enim
841 425 1141 481 Philosophus
1159 427 1236 478 (De
1265 424 1398 480 coelo,
1425 424 1508 469 lib.
1531 439 1578 478 11,
1600 429 1711 469 text.
1741 428 1796 470 65
1817 430 1862 469 et
1890 427 1978 481 66),

101 493 225 548 quod
253 493 332 537 illa
368 508 389 529 «
419 501 523 547 quae
560 487 733 545 optimo
768 486 907 532 modo
938 499 988 531 se
1018 485 1205 540 habent,
1227 484 1468 541 possident
1499 498 1638 530 suum
1669 487 1843 530 bonum
1877 486 1979 531 sine

100 559 244 599 motu.
268 572 290 593 υ
313 553 400 598 Sed
421 551 627 596 Christus
647 549 819 606 optime
844 561 895 594 se
914 548 1091 601 habuit,
1119 547 1228 603 quia
1256 551 1303 591 et
1325 547 1583 591 secundum
1609 547 1814 592 divinam
1844 553 1979 593 natu-

97 627 197 659 ram
236 619 306 659 est
341 623 578 659 summum
599 610 792 666 bonum,
817 615 864 655 et
898 607 1158 655 secundum
1187 609 1439 653 humanam
1463 613 1674 652 naturam
1706 613 1777 653 est
1797 610 1978 655 summe

99 675 394 732 glorificatus.
414 677 532 730 Ergo
555 684 696 718 suurn
715 672 891 716 bonum
911 671 1051 716 habet
1068 671 1170 715 sine
1192 674 1338 715 motu.
1363 670 1450 714 Sed
1470 669 1683 715 ascensio
1701 671 1978 727 estquidam

97 744 269 781 motus.
293 739 411 793 Ergo
433 748 527 780 non
548 734 635 779 fuit
655 733 938 778 conveniens
955 731 1080 788 quod
1101 731 1305 776 Christus
1328 731 1614 776 ascenderet.

152 801 194 842 2.
217 800 457 853 Praeterea,
481 808 618 840 omne
641 795 765 852 quod
795 800 1025 850 movetur,
1045 798 1258 838 movetur
1275 798 1461 850 propter
1478 793 1651 849 aliquid
1671 793 1851 838 melius.
1890 794 1978 839 Sed

98 859 273 904 Christo
294 872 387 903 non
406 858 493 902 fuit
512 858 680 903 melius
703 869 807 902 esse
826 858 874 900 in
893 856 1012 901 coelo
1034 856 1175 913 quam
1203 855 1252 899 in
1273 861 1418 910 terra3
1442 854 1554 898 nihil
1576 854 1699 899 enim
1719 855 1918 899 accrevit
1936 855 1977 899 ei

96 932 178 977 per
195 921 283 965 hoc
306 920 429 977 quod
458 919 546 964 fuit
572 920 620 963 in
651 918 787 975 coelo,
811 931 963 975 neque
997 918 1222 975 quantum
1251 917 1311 961 ad
1333 917 1551 970 animam,
1575 929 1725 973 neque
1750 919 1978 973 quantum

97 981 155 1027 ad
174 994 356 1039 corpus.
382 984 499 1038 Ergo
518 981 699 1026 videtur
727 981 853 1037 quod
871 980 1076 1025 Chr1stus
1095 993 1189 1024 non
1206 979 1418 1025 debuerit
1439 979 1487 1022 in
1519 979 1691 1023 coelum
1708 980 1974 1024 ascendere.

151 1047 194 1090 3.
219 1047 460 1101 Praeterea,
480 1045 620 1089 Filius
646 1043 724 1089 Dei
745 1044 998 1087 humanam
1017 1046 1231 1086 naturam
1255 1041 1508 1098 assumpsit
1537 1042 1597 1087 ad
1626 1047 1833 1086 nostram
1858 1042 1978 1087 salu-

97 1110 206 1150 tem.
238 1106 323 1151 Sed
354 1107 502 1163 magis
533 1106 697 1150 fuisset
723 1105 925 1149 salutare
957 1103 1224 1147 hominibus
1253 1103 1378 1159 quod
1408 1115 1591 1159 semper
1625 1111 1977 1148 conversaretur

98 1167 341 1212 nobiscum
362 1168 411 1212 in
433 1167 586 1222 terris3
609 1166 731 1211 unde
751 1166 852 1221 ipse
877 1165 991 1210 dixit
1009 1164 1251 1220 discipulis
1269 1164 1367 1208 suis
1389 1165 1515 1218 (Luc.
1534 1178 1636 1221 xvn,
1656 1168 1726 1219 22)
1753 1179 1765 1210 ε
1789 1168 1977 1210 Venient

96 1229 209 1285 dies,
238 1231 419 1285 quando
446 1229 710 1272 desideretis
732 1228 886 1270 videre
907 1239 1043 1269 unum
1065 1227 1184 1269 diem
1205 1226 1319 1268 Filii
1341 1226 1550 1281 hominis,
1571 1231 1615 1269 et
1635 1240 1724 1270 non
1749 1229 1975 1273 videbitis.

95 1289 280 1334 Videtur
299 1302 408 1346 ergo
431 1289 555 1346 quod
576 1301 667 1332 non
691 1288 1126 1333 fueritconveniens
1149 1287 1377 1331 Christum
1397 1288 1648 1333 ascendere
1666 1289 1713 1333 in
1736 1289 1920 1333 coelum.

150 1354 192 1394 4.
213 1354 450 1405 Praeterea,
472 1350 592 1395 sicut
609 1350 854 1405 Gregorius
871 1349 981 1394 dicit
997 1348 1164 1403 (Moral.
1181 1348 1263 1393 lib.
1287 1362 1374 1405 xiv,
1398 1360 1500 1405 cap.
1520 1352 1609 1404 29),
1633 1362 1803 1405 corpus
1814 1350 1977 1396 Christi

93 1411 140 1455 iu
174 1412 303 1456 nullo
324 1416 553 1456 mutatum
575 1410 662 1454 fuit
683 1417 792 1467 post
816 1410 1218 1455 resurrectionem.
1241 1409 1328 1454 Sed
1351 1421 1446 1453 non
1483 1409 1747 1455 immediate
1768 1416 1873 1467 post
1902 1423 1978 1456 re-

95 1472 428 1517 surrectionem
446 1471 654 1516 ascendit
672 1472 719 1515 in
739 1471 927 1527 coelum,
946 1471 1054 1528 quia
1069 1471 1169 1527 ipse
1187 1470 1297 1515 dicit
1312 1475 1419 1527 post
1431 1471 1817 1516 resurrectionem
1831 1474 1972 1527 (Joan.

94 1548 166 1591 xx,
187 1538 257 1588 17)
280 1549 291 1576 :
315 1528 524 1578 Nondic‘m
558 1534 741 1576 ascendi
768 1534 832 1576 ad
859 1537 1043 1576 Patrem
1078 1546 1238 1576 meum.
1260 1534 1379 1589 Ergo
1407 1532 1592 1578 videtur
1619 1533 1743 1590 quod
1763 1546 1851 1579 nec
1872 1540 1976 1591 post

97 1595 403 1651 quadraginta
426 1595 525 1639 dies
547 1594 796 1638 ascendere
818 1594 1045 1639 debuerit.

152 1657 235 1702 Sed
259 1661 418 1700 contra
451 1661 521 1701 est
547 1656 674 1713 quod
704 1656 925 1700 Dominus
947 1656 1057 1700 dicit
1078 1657 1224 1710 (Joan.
1252 1669 1320 1710 xx,
1343 1659 1413 1710 17)
1436 1670 1448 1699 :
1474 1656 1679 1699 Ascendo
1698 1657 1763 1701 ad
1792 1660 1975 1702 Patrem
2011 1696 2013 1698 ,

96 1731 242 1760 meum
262 1722 304 1761 et
328 1721 512 1761 Patrem
532 1721 729 1761 vestrum
747 1720 820 1772 (2).

142 1785 429 1826 CONCLUSIO.
445 1808 493 1815 —
508 1786 611 1825 Gum
629 1781 815 1825 Christus
826 1787 917 1836 post
934 1784 1267 1824 resurrectionem
1278 1783 1408 1823 vitam
1419 1785 1696 1826 immortalem
1708 1785 1972 1837 inchoaverit,

97 1850 178 1878 non
204 1840 338 1879 decuit
359 1841 517 1880 eumin
534 1839 651 1880 terris
666 1850 886 1888 remanere,
908 1838 978 1879 sed
999 1850 1120 1889 super
1137 1849 1278 1879 omnes
1291 1838 1412 1879 coelos
1433 1841 1659 1882 ascendere.

148 1903 419 1958 Respondeo
439 1902 684 1947 dicendum
704 1901 829 1959 quod
847 1901 978 1946 locus
994 1901 1130 1945 debet
1141 1913 1244 1946 esse
1259 1903 1633 1958 proportionatus
1651 1905 1814 1950 locato.
1829 1904 1975 1950 Chris-

96 1967 169 2007 tus
206 1970 360 2008 autem
389 1975 471 2020 per
490 1965 878 2009 resurrectionem
900 1965 1042 2009 vitam
1076 1963 1380 2007 immortalem
1403 1969 1448 2008 et
1469 1965 1865 2023 incorruptibilem
1901 1967 1973 2011 in-

94 2024 291 2070 choavit.
309 2028 454 2070 Locus
476 2031 630 2071 autem
651 2026 698 2069 in
723 2038 816 2082 quo
834 2038 922 2070 nos
946 2025 1222 2081 habitamUS,
1244 2030 1314 2069 est
1332 2026 1463 2070 locus
1486 2030 1794 2082 generationis
1813 2034 1857 2074 et
1873 2042 1972 2074 cor-

92 2086 350 2143 ruptionist,
377 2088 460 2132 sed
489 2088 620 2132 locus
652 2087 856 2133 coelestis
887 2091 959 2131 est
994 2087 1124 2131 locus
1161 2086 1534 2143 incorruptionis.
1559 2092 1610 2148 Et
1633 2091 1734 2135 ideo
1772 2103 1862 2134 non
1885 2091 1972 2135 fuit

92 2151 372 2194 conveniens
402 2150 526 2207 quod
561 2151 765 2195 Christus
793 2155 898 2207 post
921 2149 1308 2195 resurrectionem
1338 2156 1599 2197 remaneret
1630 2153 1679 2196 in
1713 2153 1866 2210 terris3
1890 2153 1972 2198 sed

92 2211 372 2255 conveniens
394 2212 480 2255 fuit
504 2212 628 2268 qued
642 2213 913 2256 ascenderet
929 2211 977 2255 in
999 2212 1185 2256 coelum.

145 2271 212 2315 Ad
239 2276 435 2328 primum
474 2285 584 2331 ergo
617 2274 881 2328 dicendum,
920 2274 1043 2330 quod
1076 2273 1189 2318 illud
1218 2273 1390 2331 optime
1420 2286 1473 2320 se
1494 2276 1688 2328 bahem,
1712 2277 1838 2333 quod
1869 2276 1970 2321 sine

92 2337 220 2377 motu
242 2334 447 2390 possidet
472 2347 609 2379 suum
627 2335 816 2392 bonum,
842 2339 914 2380 est
933 2336 1032 2391 ipse
1050 2338 1185 2393 Deus,
1206 2335 1315 2392 quia
1333 2340 1404 2380 est
1430 2337 1621 2381 omnino
1651 2337 1968 2397 immutabilis,

91 2395 345 2439 secundum
369 2395 483 2440 illud
503 2397 704 2451 (Malach.
725 2410 787 2454 ιιι,
812 2399 854 2451 6)
875 2412 888 2440 =
909 2401 1004 2452 qu
1025 2399 1258 2453 Dominus,
1283 2400 1327 2440 et
1353 2410 1441 2440 non
1461 2402 1627 2443 mutor.
1649 2399 1871 2451 Quaelibet
1884 2412 1971 2444 au-

90 2460 183 2500 tem
205 2463 416 2502 creatura
438 2462 509 2502 est
541 2458 776 2503 mutabilis
809 2458 1140 2515 aliquomodo,
1161 2462 1214 2502 ut
1228 2464 1355 2515 patet
1375 2472 1459 2516 per
1479 2462 1788 2517 Augustinum
1808 2464 1970 2519 (Super

92 2519 198 2561 Gen.
219 2518 277 2562 ad
295 2519 380 2563 litt.
407 2520 488 2564 lib.
511 2533 601 2576 vm,
623 2533 725 2576 cap.
749 2524 836 2575 14).
859 2523 913 2565 Et
933 2521 1042 2577 quia
1063 2527 1229 2564 natura
1250 2526 1489 2578 assumpta
1508 2522 1535 2565 a
1552 2523 1662 2567 Filio
1683 2524 1759 2568 Dei
1783 2536 1969 2568 reman-

90 2578 150 2622 sit
163 2585 390 2636 creatura,
412 2586 463 2625 ut
483 2586 610 2637 patet
632 2594 691 2626 ex
715 2582 786 2626 his
806 2595 912 2639 quae
933 2594 1075 2638 supra
1092 2582 1214 2626 dicta
1236 2589 1348 2626 sunt
1369 2586 1549 2639 (quaest.
1574 2598 1619 2639 11,
1644 2588 1727 2629 art.
1753 2589 1797 2641 1,
1812 2590 1860 2630 et
1879 2591 1965 2631 art.

92 2643 116 2682 7
134 2639 194 2685 ad
214 2644 275 2697 1),
290 2654 383 2686 non
411 2648 483 2686 est
499 2642 850 2700 inconveniens,
867 2643 907 2688 si
929 2643 969 2688 ei
988 2644 1156 2701 aliquis
1178 2648 1334 2688 motus
1351 2645 1645 2690 attribuatur.

143 2701 211 2746 Ad
231 2705 473 2747 secundum
493 2703 755 2760 dicendum,
776 2705 900 2763 quod
920 2718 1003 2762 per
1025 2706 1112 2749 hoc
1128 2705 1254 2762 quod
1264 2706 1468 2750 Christus
1483 2707 1691 2751 ascendit
1711 2707 1759 2751 in
1778 2709 1965 2767 coelum,

89 2763 202 2806 nihil
221 2764 263 2808 ei
285 2765 484 2809 accrevit
498 2768 722 2822 quantum
731 2768 790 2812 ad
808 2780 862 2812 ea
880 2780 985 2825 quae
1002 2773 1114 2812 sunt
1131 2768 1190 2812 de
1208 2767 1410 2813 essentia
1425 2769 1583 2825 gloriae
1597 2770 1694 2814 sive
1709 2773 1965 2818 secundum

88 2836 273 2880 corpus,
302 2825 398 2870 sive
427 2827 682 2873 secundum
705 2829 932 2886 animam3
964 2834 1118 2874 tamen
1145 2830 1344 2874 accrevit
1372 2829 1414 2874 ei
1447 2830 1622 2887 aliquid
1651 2833 1877 2887 quantum
1907 2834 1966 2880 ad

87 2884 176 2930 loci
197 2887 469 2942 decentiam,
494 2888 620 2944 quod
635 2894 707 2934 est
727 2890 787 2935 ad
803 2890 924 2935 bene
956 2903 1059 2936 esse
1092 2891 1270 2947 gloriae,
1296 2903 1389 2935 non
1424 2892 1549 2948 quod
1567 2904 1736 2949 corpus
1760 2894 1862 2950 eJus
1880 2896 1966 2940 ali-

88 2946 196 3002 quid
221 2952 301 2991 aut
318 2948 611 3003 perfectionis
624 2954 705 2994 aut
722 2952 1084 2996 conservationis
1103 2953 1363 3008 acquireret
1377 2965 1435 2996 ex
1455 2965 1647 3009 corpore
1663 2954 1860 3011 coelesti3
1882 2958 1965 3003 sed

86 3007 376 3053 solummodo
404 3015 589 3066 propter
606 3013 854 3069 quamdam
875 3013 1149 3059 decentiam.
1177 3016 1269 3058 Hoc
1291 3018 1445 3059 autem
1482 3015 1638 3071 aliquo
1667 3017 1804 3060 modo
1825 3019 1965 3074 perti-

86 3068 225 3114 nebat
242 3070 300 3115 ad
323 3071 426 3126 ejus
445 3073 659 3129 glorIam3
681 3074 799 3119 etde
821 3075 907 3119 hac
930 3075 1140 3120 decentia
1170 3075 1390 3131 gaudium
1415 3077 1645 3132 quoddam
1669 3078 1844 3135 habuit,
1869 3093 1960 3125 non

86 3130 273 3187 quidem
296 3132 419 3187 quod
443 3138 554 3178 tunc
572 3134 629 3179 de
662 3146 783 3179 novo
810 3135 868 3179 de
900 3136 987 3180 hoc
1017 3137 1218 3193 gaudere
1250 3137 1487 3193 inciperet,
1505 3138 1690 3194 quando
1719 3139 1768 3182 in
1792 3141 1961 3186 coelum

126 3238 170 3278 (4)
197 3240 232 3275 S.
260 3241 386 3275 Doctor
406 3254 596 3284 supponens
630 3243 665 3277 id
688 3243 778 3284 quod
810 3243 890 3278 fidei
917 3249 978 3287 est,
1063 3257 1132 3280 nus
1154 3247 1261 3281 Jews
1277 3250 1470 3290 postquam
1495 3248 1638 3284 locutus
1658 3252 1709 3284 est
1727 3251 1778 3285 eis
1796 3260 1961 3293 assump-

87 3286 255 3322 Christum
282 3290 360 3323 vei-e
377 3294 412 3324 et
436 3290 574 3330 proprie
595 3291 776 3326 ascendisse
797 3290 977 3333 ineoelum,
1065 3299 1122 3328 tus
1138 3298 1189 3329 est
1206 3296 1248 3328 in
1273 3296 1415 3331 coelum.
1431 3297 1517 3337 (Act.
1536 3301 1574 3338 ιι)
1591 3309 1599 3330 :
1624 3299 1836 3333 videntibus
1855 3299 1934 3333 illis
1949 3325 1958 3339 ,

87 3334 228 3369 ostendit
244 3335 279 3370 id
298 3337 536 3371 convenienter
551 3337 690 3373 factum.
1063 3344 1222 3377 elevatus
1239 3348 1309 3384 θεὴ·
1326 3348 1358 3378 et
1373 3345 1486 3379 nubes
1506 3348 1665 3390 suscepit
1684 3357 1765 3381 eum
1783 3346 1827 3381 ab
1841 3346 1958 3381 ocutis

125 3382 167 3422 (2)
185 3383 242 3417 Sic
269 3396 399 3425 quoqne
425 3385 573 3420 refertur
594 3387 712 3428 (Mare.
731 3388 802 3429 xvi)
825 3400 833 3421 ε
851 3387 977 3422 Domi·
1062 3401 1200 3425 eorum.
